ts,action,ticker,side,type,price,count,tif,client_order_id,result
2025-11-08T05:02:59.213774Z,place,KXEPLGAME-25NOV08CFCWOL-CFC,yes,limit,0.01,2,GTC,31ee3a08-3275-4996-b04b-214626ddf85b,"{""dry_run"": true, ""echo"": {""path"": ""orders"", ""params"": null, ""body"": {""ticker"": ""KXEPLGAME-25NOV08CFCWOL-CFC"", ""side"": ""yes"", ""type"": ""limit"", ""price"": 0.01, ""count"": 2, ""time_in_force"": ""GTC"", ""client_order_id"": ""31ee3a08-3275-4996-b04b-214626ddf85b""}}}"
2025-11-08T05:02:59.213986Z,place,KXEPLGAME-25NOV08CFCWOL-CFC,no,limit,0.01,2,GTC,4029eeba-ef1b-4a6e-a038-404d7482c1a9,"{""dry_run"": true, ""echo"": {""path"": ""orders"", ""params"": null, ""body"": {""ticker"": ""KXEPLGAME-25NOV08CFCWOL-CFC"", ""side"": ""no"", ""type"": ""limit"", ""price"": 0.01, ""count"": 2, ""time_in_force"": ""GTC"", ""client_order_id"": ""4029eeba-ef1b-4a6e-a038-404d7482c1a9""}}}"
2025-11-08T05:02:59.327082Z,place,KXEPLGAME-25NOV08CFCWOL-TIE,yes,limit,0.01,2,GTC,cbfdb827-4ffc-4a58-824e-ca1d0f86e939,"{""dry_run"": true, ""echo"": {""path"": ""orders"", ""params"": null, ""body"": {""ticker"": ""KXEPLGAME-25NOV08CFCWOL-TIE"", ""side"": ""yes"", ""type"": ""limit"", ""price"": 0.01, ""count"": 2, ""time_in_force"": ""GTC"", ""client_order_id"": ""cbfdb827-4ffc-4a58-824e-ca1d0f86e939""}}}"
2025-11-08T05:02:59.327226Z,place,KXEPLGAME-25NOV08CFCWOL-TIE,no,limit,0.01,2,GTC,500bef22-d2ab-4d69-a329-dedcf7771c4e,"{""dry_run"": true, ""echo"": {""path"": ""orders"", ""params"": null, ""body"": {""ticker"": ""KXEPLGAME-25NOV08CFCWOL-TIE"", ""side"": ""no"", ""type"": ""limit"", ""price"": 0.01, ""count"": 2, ""time_in_force"": ""GTC"", ""client_order_id"": ""500bef22-d2ab-4d69-a329-dedcf7771c4e""}}}"
2025-11-08T05:02:59.439870Z,place,KXEPLGAME-25NOV08CFCWOL-WOL,yes,limit,0.01,2,GTC,2e2d368f-1fcd-4307-b97f-a0156d0099a2,"{""dry_run"": true, ""echo"": {""path"": ""orders"", ""params"": null, ""body"": {""ticker"": ""KXEPLGAME-25NOV08CFCWOL-WOL"", ""side"": ""yes"", ""type"": ""limit"", ""price"": 0.01, ""count"": 2, ""time_in_force"": ""GTC"", ""client_order_id"": ""2e2d368f-1fcd-4307-b97f-a0156d0099a2""}}}"
2025-11-08T05:02:59.440014Z,place,KXEPLGAME-25NOV08CFCWOL-WOL,no,limit,0.01,2,GTC,310a2726-2844-415b-addf-9a146242f028,"{""dry_run"": true, ""echo"": {""path"": ""orders"", ""params"": null, ""body"": {""ticker"": ""KXEPLGAME-25NOV08CFCWOL-WOL"", ""side"": ""no"", ""type"": ""limit"", ""price"": 0.01, ""count"": 2, ""time_in_force"": ""GTC"", ""client_order_id"": ""310a2726-2844-415b-addf-9a146242f028""}}}"
2025-11-08T05:02:59.551673Z,place,KXEPLGAME-25NOV08EVEFUL-EVE,yes,limit,0.01,2,GTC,f9fa7889-2092-4f0c-a926-9e1709f201f5,"{""dry_run"": true, ""echo"": {""path"": ""orders"", ""params"": null, ""body"": {""ticker"": ""KXEPLGAME-25NOV08EVEFUL-EVE"", ""side"": ""yes"", ""type"": ""limit"", ""price"": 0.01, ""count"": 2, ""time_in_force"": ""GTC"", ""client_order_id"": ""f9fa7889-2092-4f0c-a926-9e1709f201f5""}}}"
2025-11-08T05:02:59.551778Z,place,KXEPLGAME-25NOV08EVEFUL-EVE,no,limit,0.01,2,GTC,566c4617-c6f2-4fe0-a4df-ebd2d21f2cd9,"{""dry_run"": true, ""echo"": {""path"": ""orders"", ""params"": null, ""body"": {""ticker"": ""KXEPLGAME-25NOV08EVEFUL-EVE"", ""side"": ""no"", ""type"": ""limit"", ""price"": 0.01, ""count"": 2, ""time_in_force"": ""GTC"", ""client_order_id"": ""566c4617-c6f2-4fe0-a4df-ebd2d21f2cd9""}}}"
2025-11-08T05:02:59.686182Z,place,KXEPLGAME-25NOV08EVEFUL-FUL,yes,limit,0.01,2,GTC,62d5543d-b402-4e89-8cbc-d4b714456c5d,"{""dry_run"": true, ""echo"": {""path"": ""orders"", ""params"": null, ""body"": {""ticker"": ""KXEPLGAME-25NOV08EVEFUL-FUL"", ""side"": ""yes"", ""type"": ""limit"", ""price"": 0.01, ""count"": 2, ""time_in_force"": ""GTC"", ""client_order_id"": ""62d5543d-b402-4e89-8cbc-d4b714456c5d""}}}"
2025-11-08T05:02:59.686287Z,place,KXEPLGAME-25NOV08EVEFUL-FUL,no,limit,0.01,2,GTC,7aefc913-6ef1-4ab1-9461-8d0a26beaeb3,"{""dry_run"": true, ""echo"": {""path"": ""orders"", ""params"": null, ""body"": {""ticker"": ""KXEPLGAME-25NOV08EVEFUL-FUL"", ""side"": ""no"", ""type"": ""limit"", ""price"": 0.01, ""count"": 2, ""time_in_force"": ""GTC"", ""client_order_id"": ""7aefc913-6ef1-4ab1-9461-8d0a26beaeb3""}}}"
2025-11-08T05:02:59.816740Z,place,KXEPLGAME-25NOV08EVEFUL-TIE,yes,limit,0.01,2,GTC,34a20c33-90aa-4d2e-abcf-0558dfb01791,"{""dry_run"": true, ""echo"": {""path"": ""orders"", ""params"": null, ""body"": {""ticker"": ""KXEPLGAME-25NOV08EVEFUL-TIE"", ""side"": ""yes"", ""type"": ""limit"", ""price"": 0.01, ""count"": 2, ""time_in_force"": ""GTC"", ""client_order_id"": ""34a20c33-90aa-4d2e-abcf-0558dfb01791""}}}"
2025-11-08T05:02:59.816828Z,place,KXEPLGAME-25NOV08EVEFUL-TIE,no,limit,0.01,2,GTC,2efa97f9-9b7d-4c78-9a6c-621278c6db8d,"{""dry_run"": true, ""echo"": {""path"": ""orders"", ""params"": null, ""body"": {""ticker"": ""KXEPLGAME-25NOV08EVEFUL-TIE"", ""side"": ""no"", ""type"": ""limit"", ""price"": 0.01, ""count"": 2, ""time_in_force"": ""GTC"", ""client_order_id"": ""2efa97f9-9b7d-4c78-9a6c-621278c6db8d""}}}"
2025-11-08T05:03:00.225348Z,place,KXEPLGAME-25NOV08SUNARS-ARS,yes,limit,0.01,2,GTC,32a8966c-bd23-4c29-b033-b50de402d7ca,"{""dry_run"": true, ""echo"": {""path"": ""orders"", ""params"": null, ""body"": {""ticker"": ""KXEPLGAME-25NOV08SUNARS-ARS"", ""side"": ""yes"", ""type"": ""limit"", ""price"": 0.01, ""count"": 2, ""time_in_force"": ""GTC"", ""client_order_id"": ""32a8966c-bd23-4c29-b033-b50de402d7ca""}}}"
2025-11-08T05:03:00.225539Z,place,KXEPLGAME-25NOV08SUNARS-ARS,no,limit,0.01,2,GTC,a58770f7-8839-44dd-ade3-de350f6ea7ba,"{""dry_run"": true, ""echo"": {""path"": ""orders"", ""params"": null, ""body"": {""ticker"": ""KXEPLGAME-25NOV08SUNARS-ARS"", ""side"": ""no"", ""type"": ""limit"", ""price"": 0.01, ""count"": 2, ""time_in_force"": ""GTC"", ""client_order_id"": ""a58770f7-8839-44dd-ade3-de350f6ea7ba""}}}"
2025-11-08T05:03:00.373832Z,place,KXEPLGAME-25NOV08SUNARS-SUN,yes,limit,0.01,2,GTC,363f0575-efbc-4333-bdfd-dad302669b4f,"{""dry_run"": true, ""echo"": {""path"": ""orders"", ""params"": null, ""body"": {""ticker"": ""KXEPLGAME-25NOV08SUNARS-SUN"", ""side"": ""yes"", ""type"": ""limit"", ""price"": 0.01, ""count"": 2, ""time_in_force"": ""GTC"", ""client_order_id"": ""363f0575-efbc-4333-bdfd-dad302669b4f""}}}"
2025-11-08T05:03:00.374032Z,place,KXEPLGAME-25NOV08SUNARS-SUN,no,limit,0.01,2,GTC,93a38d5e-d610-4993-bcef-340f8280d231,"{""dry_run"": true, ""echo"": {""path"": ""orders"", ""params"": null, ""body"": {""ticker"": ""KXEPLGAME-25NOV08SUNARS-SUN"", ""side"": ""no"", ""type"": ""limit"", ""price"": 0.01, ""count"": 2, ""time_in_force"": ""GTC"", ""client_order_id"": ""93a38d5e-d610-4993-bcef-340f8280d231""}}}"
2025-11-08T05:03:00.648157Z,place,KXEPLGAME-25NOV08SUNARS-TIE,yes,limit,0.01,2,GTC,0eb511e4-1ccf-4763-8681-2dbb3f6bcfad,"{""dry_run"": true, ""echo"": {""path"": ""orders"", ""params"": null, ""body"": {""ticker"": ""KXEPLGAME-25NOV08SUNARS-TIE"", ""side"": ""yes"", ""type"": ""limit"", ""price"": 0.01, ""count"": 2, ""time_in_force"": ""GTC"", ""client_order_id"": ""0eb511e4-1ccf-4763-8681-2dbb3f6bcfad""}}}"
2025-11-08T05:03:00.648332Z,place,KXEPLGAME-25NOV08SUNARS-TIE,no,limit,0.01,2,GTC,3aab3545-df63-4572-9bd5-e328cef6169d,"{""dry_run"": true, ""echo"": {""path"": ""orders"", ""params"": null, ""body"": {""ticker"": ""KXEPLGAME-25NOV08SUNARS-TIE"", ""side"": ""no"", ""type"": ""limit"", ""price"": 0.01, ""count"": 2, ""time_in_force"": ""GTC"", ""client_order_id"": ""3aab3545-df63-4572-9bd5-e328cef6169d""}}}"
2025-11-08T05:03:00.856991Z,place,KXEPLGAME-25NOV08TOTMUN-MUN,yes,limit,0.01,2,GTC,da9f0f10-a3b2-4cf7-be64-a90a354724bf,"{""dry_run"": true, ""echo"": {""path"": ""orders"", ""params"": null, ""body"": {""ticker"": ""KXEPLGAME-25NOV08TOTMUN-MUN"", ""side"": ""yes"", ""type"": ""limit"", ""price"": 0.01, ""count"": 2, ""time_in_force"": ""GTC"", ""client_order_id"": ""da9f0f10-a3b2-4cf7-be64-a90a354724bf""}}}"
2025-11-08T05:03:00.857137Z,place,KXEPLGAME-25NOV08TOTMUN-MUN,no,limit,0.01,2,GTC,04341cc1-0274-4e4c-bb29-91f7fc702edc,"{""dry_run"": true, ""echo"": {""path"": ""orders"", ""params"": null, ""body"": {""ticker"": ""KXEPLGAME-25NOV08TOTMUN-MUN"", ""side"": ""no"", ""type"": ""limit"", ""price"": 0.01, ""count"": 2, ""time_in_force"": ""GTC"", ""client_order_id"": ""04341cc1-0274-4e4c-bb29-91f7fc702edc""}}}"
2025-11-08T05:03:01.015684Z,place,KXEPLGAME-25NOV08TOTMUN-TIE,yes,limit,0.01,2,GTC,69a2ab7b-3fe2-4ada-a0e9-c2f0b7dfe750,"{""dry_run"": true, ""echo"": {""path"": ""orders"", ""params"": null, ""body"": {""ticker"": ""KXEPLGAME-25NOV08TOTMUN-TIE"", ""side"": ""yes"", ""type"": ""limit"", ""price"": 0.01, ""count"": 2, ""time_in_force"": ""GTC"", ""client_order_id"": ""69a2ab7b-3fe2-4ada-a0e9-c2f0b7dfe750""}}}"
2025-11-08T05:03:01.015834Z,place,KXEPLGAME-25NOV08TOTMUN-TIE,no,limit,0.01,2,GTC,8509de4e-cfc1-40f2-a696-66c49bc8ddca,"{""dry_run"": true, ""echo"": {""path"": ""orders"", ""params"": null, ""body"": {""ticker"": ""KXEPLGAME-25NOV08TOTMUN-TIE"", ""side"": ""no"", ""type"": ""limit"", ""price"": 0.01, ""count"": 2, ""time_in_force"": ""GTC"", ""client_order_id"": ""8509de4e-cfc1-40f2-a696-66c49bc8ddca""}}}"
2025-11-08T05:03:01.193392Z,place,KXEPLGAME-25NOV08TOTMUN-TOT,yes,limit,0.01,2,GTC,a132f94f-1cc2-4e87-a7c9-19d95ba43d32,"{""dry_run"": true, ""echo"": {""path"": ""orders"", ""params"": null, ""body"": {""ticker"": ""KXEPLGAME-25NOV08TOTMUN-TOT"", ""side"": ""yes"", ""type"": ""limit"", ""price"": 0.01, ""count"": 2, ""time_in_force"": ""GTC"", ""client_order_id"": ""a132f94f-1cc2-4e87-a7c9-19d95ba43d32""}}}"
2025-11-08T05:03:01.193537Z,place,KXEPLGAME-25NOV08TOTMUN-TOT,no,limit,0.01,2,GTC,08bd0a9a-ae12-4a56-8d9e-b778c7a6e95c,"{""dry_run"": true, ""echo"": {""path"": ""orders"", ""params"": null, ""body"": {""ticker"": ""KXEPLGAME-25NOV08TOTMUN-TOT"", ""side"": ""no"", ""type"": ""limit"", ""price"": 0.01, ""count"": 2, ""time_in_force"": ""GTC"", ""client_order_id"": ""08bd0a9a-ae12-4a56-8d9e-b778c7a6e95c""}}}"
2025-11-08T05:03:01.333566Z,place,KXEPLGAME-25NOV08WHUBUR-BUR,yes,limit,0.01,2,GTC,0c7126d0-128f-40c7-b1b2-79ed706f0d0a,"{""dry_run"": true, ""echo"": {""path"": ""orders"", ""params"": null, ""body"": {""ticker"": ""KXEPLGAME-25NOV08WHUBUR-BUR"", ""side"": ""yes"", ""type"": ""limit"", ""price"": 0.01, ""count"": 2, ""time_in_force"": ""GTC"", ""client_order_id"": ""0c7126d0-128f-40c7-b1b2-79ed706f0d0a""}}}"
2025-11-08T05:03:01.333746Z,place,KXEPLGAME-25NOV08WHUBUR-BUR,no,limit,0.01,2,GTC,217f686d-1f06-4bba-b544-52ca4483b4ce,"{""dry_run"": true, ""echo"": {""path"": ""orders"", ""params"": null, ""body"": {""ticker"": ""KXEPLGAME-25NOV08WHUBUR-BUR"", ""side"": ""no"", ""type"": ""limit"", ""price"": 0.01, ""count"": 2, ""time_in_force"": ""GTC"", ""client_order_id"": ""217f686d-1f06-4bba-b544-52ca4483b4ce""}}}"
2025-11-08T05:03:01.470194Z,place,KXEPLGAME-25NOV08WHUBUR-TIE,yes,limit,0.01,2,GTC,a21fd25c-5335-42a5-bf65-6ddda18f3080,"{""dry_run"": true, ""echo"": {""path"": ""orders"", ""params"": null, ""body"": {""ticker"": ""KXEPLGAME-25NOV08WHUBUR-TIE"", ""side"": ""yes"", ""type"": ""limit"", ""price"": 0.01, ""count"": 2, ""time_in_force"": ""GTC"", ""client_order_id"": ""a21fd25c-5335-42a5-bf65-6ddda18f3080""}}}"
2025-11-08T05:03:01.470345Z,place,KXEPLGAME-25NOV08WHUBUR-TIE,no,limit,0.01,2,GTC,f15b3828-99c0-4edd-8f24-694b3b62544e,"{""dry_run"": true, ""echo"": {""path"": ""orders"", ""params"": null, ""body"": {""ticker"": ""KXEPLGAME-25NOV08WHUBUR-TIE"", ""side"": ""no"", ""type"": ""limit"", ""price"": 0.01, ""count"": 2, ""time_in_force"": ""GTC"", ""client_order_id"": ""f15b3828-99c0-4edd-8f24-694b3b62544e""}}}"
2025-11-08T05:03:01.598401Z,place,KXEPLGAME-25NOV08WHUBUR-WHU,yes,limit,0.01,2,GTC,85529d72-a854-4ff2-9841-ab79794972f6,"{""dry_run"": true, ""echo"": {""path"": ""orders"", ""params"": null, ""body"": {""ticker"": ""KXEPLGAME-25NOV08WHUBUR-WHU"", ""side"": ""yes"", ""type"": ""limit"", ""price"": 0.01, ""count"": 2, ""time_in_force"": ""GTC"", ""client_order_id"": ""85529d72-a854-4ff2-9841-ab79794972f6""}}}"
2025-11-08T05:03:01.598534Z,place,KXEPLGAME-25NOV08WHUBUR-WHU,no,limit,0.01,2,GTC,efa545ab-008b-4546-bf2a-0472c0fbf3c6,"{""dry_run"": true, ""echo"": {""path"": ""orders"", ""params"": null, ""body"": {""ticker"": ""KXEPLGAME-25NOV08WHUBUR-WHU"", ""side"": ""no"", ""type"": ""limit"", ""price"": 0.01, ""count"": 2, ""time_in_force"": ""GTC"", ""client_order_id"": ""efa545ab-008b-4546-bf2a-0472c0fbf3c6""}}}"
2025-11-08T05:03:01.750731Z,place,KXEPLGAME-25NOV09AVLBOU-AVL,yes,limit,0.01,2,GTC,b884a6bf-55bf-43f0-ab09-acc754011472,"{""dry_run"": true, ""echo"": {""path"": ""orders"", ""params"": null, ""body"": {""ticker"": ""KXEPLGAME-25NOV09AVLBOU-AVL"", ""side"": ""yes"", ""type"": ""limit"", ""price"": 0.01, ""count"": 2, ""time_in_force"": ""GTC"", ""client_order_id"": ""b884a6bf-55bf-43f0-ab09-acc754011472""}}}"
2025-11-08T05:03:01.750838Z,place,KXEPLGAME-25NOV09AVLBOU-AVL,no,limit,0.01,2,GTC,fddf0c00-9688-4a4c-aa10-e0a37d4229cd,"{""dry_run"": true, ""echo"": {""path"": ""orders"", ""params"": null, ""body"": {""ticker"": ""KXEPLGAME-25NOV09AVLBOU-AVL"", ""side"": ""no"", ""type"": ""limit"", ""price"": 0.01, ""count"": 2, ""time_in_force"": ""GTC"", ""client_order_id"": ""fddf0c00-9688-4a4c-aa10-e0a37d4229cd""}}}"
2025-11-08T05:03:01.874379Z,place,KXEPLGAME-25NOV09AVLBOU-BOU,yes,limit,0.01,2,GTC,e6afcaed-a521-42e8-9a8c-fadebff03a3a,"{""dry_run"": true, ""echo"": {""path"": ""orders"", ""params"": null, ""body"": {""ticker"": ""KXEPLGAME-25NOV09AVLBOU-BOU"", ""side"": ""yes"", ""type"": ""limit"", ""price"": 0.01, ""count"": 2, ""time_in_force"": ""GTC"", ""client_order_id"": ""e6afcaed-a521-42e8-9a8c-fadebff03a3a""}}}"
2025-11-08T05:03:01.874532Z,place,KXEPLGAME-25NOV09AVLBOU-BOU,no,limit,0.01,2,GTC,87418d81-efdc-4465-beb9-7a50c02f0a33,"{""dry_run"": true, ""echo"": {""path"": ""orders"", ""params"": null, ""body"": {""ticker"": ""KXEPLGAME-25NOV09AVLBOU-BOU"", ""side"": ""no"", ""type"": ""limit"", ""price"": 0.01, ""count"": 2, ""time_in_force"": ""GTC"", ""client_order_id"": ""87418d81-efdc-4465-beb9-7a50c02f0a33""}}}"
2025-11-08T05:03:02.013961Z,place,KXEPLGAME-25NOV09AVLBOU-TIE,yes,limit,0.01,2,GTC,fa4e6b7c-cb6b-48ec-8d4e-f5f6c99fc535,"{""dry_run"": true, ""echo"": {""path"": ""orders"", ""params"": null, ""body"": {""ticker"": ""KXEPLGAME-25NOV09AVLBOU-TIE"", ""side"": ""yes"", ""type"": ""limit"", ""price"": 0.01, ""count"": 2, ""time_in_force"": ""GTC"", ""client_order_id"": ""fa4e6b7c-cb6b-48ec-8d4e-f5f6c99fc535""}}}"
2025-11-08T05:03:02.014088Z,place,KXEPLGAME-25NOV09AVLBOU-TIE,no,limit,0.01,2,GTC,a8ae45d3-2576-4a9b-9211-a126b62f08e1,"{""dry_run"": true, ""echo"": {""path"": ""orders"", ""params"": null, ""body"": {""ticker"": ""KXEPLGAME-25NOV09AVLBOU-TIE"", ""side"": ""no"", ""type"": ""limit"", ""price"": 0.01, ""count"": 2, ""time_in_force"": ""GTC"", ""client_order_id"": ""a8ae45d3-2576-4a9b-9211-a126b62f08e1""}}}"
2025-11-08T05:03:02.192256Z,place,KXEPLGAME-25NOV09BRENEW-BRE,yes,limit,0.01,2,GTC,9cad2943-a505-4c55-ad4f-24eec4b99b72,"{""dry_run"": true, ""echo"": {""path"": ""orders"", ""params"": null, ""body"": {""ticker"": ""KXEPLGAME-25NOV09BRENEW-BRE"", ""side"": ""yes"", ""type"": ""limit"", ""price"": 0.01, ""count"": 2, ""time_in_force"": ""GTC"", ""client_order_id"": ""9cad2943-a505-4c55-ad4f-24eec4b99b72""}}}"
2025-11-08T05:03:02.192425Z,place,KXEPLGAME-25NOV09BRENEW-BRE,no,limit,0.01,2,GTC,68768d78-da9b-405e-bbaf-1a090a779311,"{""dry_run"": true, ""echo"": {""path"": ""orders"", ""params"": null, ""body"": {""ticker"": ""KXEPLGAME-25NOV09BRENEW-BRE"", ""side"": ""no"", ""type"": ""limit"", ""price"": 0.01, ""count"": 2, ""time_in_force"": ""GTC"", ""client_order_id"": ""68768d78-da9b-405e-bbaf-1a090a779311""}}}"
2025-11-08T05:03:02.307879Z,place,KXEPLGAME-25NOV09BRENEW-NEW,yes,limit,0.01,2,GTC,fa94c45a-4a9c-4b85-b534-6347adedf7b2,"{""dry_run"": true, ""echo"": {""path"": ""orders"", ""params"": null, ""body"": {""ticker"": ""KXEPLGAME-25NOV09BRENEW-NEW"", ""side"": ""yes"", ""type"": ""limit"", ""price"": 0.01, ""count"": 2, ""time_in_force"": ""GTC"", ""client_order_id"": ""fa94c45a-4a9c-4b85-b534-6347adedf7b2""}}}"
2025-11-08T05:03:02.308041Z,place,KXEPLGAME-25NOV09BRENEW-NEW,no,limit,0.01,2,GTC,bd0ff7dd-25ec-494b-bb8d-f1fe71ca4967,"{""dry_run"": true, ""echo"": {""path"": ""orders"", ""params"": null, ""body"": {""ticker"": ""KXEPLGAME-25NOV09BRENEW-NEW"", ""side"": ""no"", ""type"": ""limit"", ""price"": 0.01, ""count"": 2, ""time_in_force"": ""GTC"", ""client_order_id"": ""bd0ff7dd-25ec-494b-bb8d-f1fe71ca4967""}}}"
2025-11-08T05:03:02.433978Z,place,KXEPLGAME-25NOV09BRENEW-TIE,yes,limit,0.01,2,GTC,07043ac7-bc4e-447f-bd30-1326c5087c29,"{""dry_run"": true, ""echo"": {""path"": ""orders"", ""params"": null, ""body"": {""ticker"": ""KXEPLGAME-25NOV09BRENEW-TIE"", ""side"": ""yes"", ""type"": ""limit"", ""price"": 0.01, ""count"": 2, ""time_in_force"": ""GTC"", ""client_order_id"": ""07043ac7-bc4e-447f-bd30-1326c5087c29""}}}"
2025-11-08T05:03:02.434051Z,place,KXEPLGAME-25NOV09BRENEW-TIE,no,limit,0.01,2,GTC,9722b9be-8be6-48f1-a167-f5abfe6bc2c4,"{""dry_run"": true, ""echo"": {""path"": ""orders"", ""params"": null, ""body"": {""ticker"": ""KXEPLGAME-25NOV09BRENEW-TIE"", ""side"": ""no"", ""type"": ""limit"", ""price"": 0.01, ""count"": 2, ""time_in_force"": ""GTC"", ""client_order_id"": ""9722b9be-8be6-48f1-a167-f5abfe6bc2c4""}}}"
2025-11-08T05:03:02.537016Z,place,KXEPLGAME-25NOV09CRYBRI-BRI,yes,limit,0.01,2,GTC,c388036b-ce13-4549-984e-c02c497ef8d0,"{""dry_run"": true, ""echo"": {""path"": ""orders"", ""params"": null, ""body"": {""ticker"": ""KXEPLGAME-25NOV09CRYBRI-BRI"", ""side"": ""yes"", ""type"": ""limit"", ""price"": 0.01, ""count"": 2, ""time_in_force"": ""GTC"", ""client_order_id"": ""c388036b-ce13-4549-984e-c02c497ef8d0""}}}"
2025-11-08T05:03:02.537078Z,place,KXEPLGAME-25NOV09CRYBRI-BRI,no,limit,0.01,2,GTC,f5f66086-c14f-46d2-969e-811eca2901cd,"{""dry_run"": true, ""echo"": {""path"": ""orders"", ""params"": null, ""body"": {""ticker"": ""KXEPLGAME-25NOV09CRYBRI-BRI"", ""side"": ""no"", ""type"": ""limit"", ""price"": 0.01, ""count"": 2, ""time_in_force"": ""GTC"", ""client_order_id"": ""f5f66086-c14f-46d2-969e-811eca2901cd""}}}"
2025-11-08T05:03:02.668307Z,place,KXEPLGAME-25NOV09CRYBRI-CRY,yes,limit,0.01,2,GTC,bf5b24ce-704d-41e9-bbe9-e5ddca547a4b,"{""dry_run"": true, ""echo"": {""path"": ""orders"", ""params"": null, ""body"": {""ticker"": ""KXEPLGAME-25NOV09CRYBRI-CRY"", ""side"": ""yes"", ""type"": ""limit"", ""price"": 0.01, ""count"": 2, ""time_in_force"": ""GTC"", ""client_order_id"": ""bf5b24ce-704d-41e9-bbe9-e5ddca547a4b""}}}"
2025-11-08T05:03:02.668496Z,place,KXEPLGAME-25NOV09CRYBRI-CRY,no,limit,0.01,2,GTC,d3a119c9-9b69-49c1-8c0d-8942df1db8e9,"{""dry_run"": true, ""echo"": {""path"": ""orders"", ""params"": null, ""body"": {""ticker"": ""KXEPLGAME-25NOV09CRYBRI-CRY"", ""side"": ""no"", ""type"": ""limit"", ""price"": 0.01, ""count"": 2, ""time_in_force"": ""GTC"", ""client_order_id"": ""d3a119c9-9b69-49c1-8c0d-8942df1db8e9""}}}"
2025-11-08T05:03:02.821936Z,place,KXEPLGAME-25NOV09CRYBRI-TIE,yes,limit,0.01,2,GTC,dce367a5-0ae1-4c24-a697-b426b272d273,"{""dry_run"": true, ""echo"": {""path"": ""orders"", ""params"": null, ""body"": {""ticker"": ""KXEPLGAME-25NOV09CRYBRI-TIE"", ""side"": ""yes"", ""type"": ""limit"", ""price"": 0.01, ""count"": 2, ""time_in_force"": ""GTC"", ""client_order_id"": ""dce367a5-0ae1-4c24-a697-b426b272d273""}}}"
2025-11-08T05:03:02.822074Z,place,KXEPLGAME-25NOV09CRYBRI-TIE,no,limit,0.01,2,GTC,b1ff976a-0770-434b-9d90-0807055fe4f2,"{""dry_run"": true, ""echo"": {""path"": ""orders"", ""params"": null, ""body"": {""ticker"": ""KXEPLGAME-25NOV09CRYBRI-TIE"", ""side"": ""no"", ""type"": ""limit"", ""price"": 0.01, ""count"": 2, ""time_in_force"": ""GTC"", ""client_order_id"": ""b1ff976a-0770-434b-9d90-0807055fe4f2""}}}"
2025-11-08T05:03:02.935071Z,place,KXEPLGAME-25NOV09MCILFC-LFC,yes,limit,0.01,2,GTC,9d82c713-76f0-4d04-941b-4a4c3245ae89,"{""dry_run"": true, ""echo"": {""path"": ""orders"", ""params"": null, ""body"": {""ticker"": ""KXEPLGAME-25NOV09MCILFC-LFC"", ""side"": ""yes"", ""type"": ""limit"", ""price"": 0.01, ""count"": 2, ""time_in_force"": ""GTC"", ""client_order_id"": ""9d82c713-76f0-4d04-941b-4a4c3245ae89""}}}"
2025-11-08T05:03:02.935139Z,place,KXEPLGAME-25NOV09MCILFC-LFC,no,limit,0.01,2,GTC,2a79aad4-44e6-4e2f-bb19-04a5c6154e0b,"{""dry_run"": true, ""echo"": {""path"": ""orders"", ""params"": null, ""body"": {""ticker"": ""KXEPLGAME-25NOV09MCILFC-LFC"", ""side"": ""no"", ""type"": ""limit"", ""price"": 0.01, ""count"": 2, ""time_in_force"": ""GTC"", ""client_order_id"": ""2a79aad4-44e6-4e2f-bb19-04a5c6154e0b""}}}"
2025-11-08T05:03:03.052270Z,place,KXEPLGAME-25NOV09MCILFC-MCI,yes,limit,0.01,2,GTC,9310c062-6729-4ec5-a085-b8dca075ab84,"{""dry_run"": true, ""echo"": {""path"": ""orders"", ""params"": null, ""body"": {""ticker"": ""KXEPLGAME-25NOV09MCILFC-MCI"", ""side"": ""yes"", ""type"": ""limit"", ""price"": 0.01, ""count"": 2, ""time_in_force"": ""GTC"", ""client_order_id"": ""9310c062-6729-4ec5-a085-b8dca075ab84""}}}"
2025-11-08T05:03:03.052342Z,place,KXEPLGAME-25NOV09MCILFC-MCI,no,limit,0.01,2,GTC,6b15f8dd-2c64-4c64-8a11-95b4200c1e72,"{""dry_run"": true, ""echo"": {""path"": ""orders"", ""params"": null, ""body"": {""ticker"": ""KXEPLGAME-25NOV09MCILFC-MCI"", ""side"": ""no"", ""type"": ""limit"", ""price"": 0.01, ""count"": 2, ""time_in_force"": ""GTC"", ""client_order_id"": ""6b15f8dd-2c64-4c64-8a11-95b4200c1e72""}}}"
2025-11-08T05:03:03.163211Z,place,KXEPLGAME-25NOV09MCILFC-TIE,yes,limit,0.01,2,GTC,eff24a7b-570b-464c-a042-8c4ad86f3c00,"{""dry_run"": true, ""echo"": {""path"": ""orders"", ""params"": null, ""body"": {""ticker"": ""KXEPLGAME-25NOV09MCILFC-TIE"", ""side"": ""yes"", ""type"": ""limit"", ""price"": 0.01, ""count"": 2, ""time_in_force"": ""GTC"", ""client_order_id"": ""eff24a7b-570b-464c-a042-8c4ad86f3c00""}}}"
2025-11-08T05:03:03.163396Z,place,KXEPLGAME-25NOV09MCILFC-TIE,no,limit,0.01,2,GTC,e1db81dc-da39-4547-8257-934a1cbbcbfb,"{""dry_run"": true, ""echo"": {""path"": ""orders"", ""params"": null, ""body"": {""ticker"": ""KXEPLGAME-25NOV09MCILFC-TIE"", ""side"": ""no"", ""type"": ""limit"", ""price"": 0.01, ""count"": 2, ""time_in_force"": ""GTC"", ""client_order_id"": ""e1db81dc-da39-4547-8257-934a1cbbcbfb""}}}"
2025-11-08T05:03:03.301123Z,place,KXEPLGAME-25NOV09NFOLEE-LEE,yes,limit,0.01,2,GTC,e06246c9-d643-4573-8e2e-bf0bce990b7d,"{""dry_run"": true, ""echo"": {""path"": ""orders"", ""params"": null, ""body"": {""ticker"": ""KXEPLGAME-25NOV09NFOLEE-LEE"", ""side"": ""yes"", ""type"": ""limit"", ""price"": 0.01, ""count"": 2, ""time_in_force"": ""GTC"", ""client_order_id"": ""e06246c9-d643-4573-8e2e-bf0bce990b7d""}}}"
2025-11-08T05:03:03.301291Z,place,KXEPLGAME-25NOV09NFOLEE-LEE,no,limit,0.01,2,GTC,407db692-86ac-4368-8d40-f204a555a042,"{""dry_run"": true, ""echo"": {""path"": ""orders"", ""params"": null, ""body"": {""ticker"": ""KXEPLGAME-25NOV09NFOLEE-LEE"", ""side"": ""no"", ""type"": ""limit"", ""price"": 0.01, ""count"": 2, ""time_in_force"": ""GTC"", ""client_order_id"": ""407db692-86ac-4368-8d40-f204a555a042""}}}"
2025-11-08T05:03:03.505583Z,place,KXEPLGAME-25NOV09NFOLEE-NFO,yes,limit,0.01,2,GTC,466f1dd6-178a-4286-8621-a370b0c61d4e,"{""dry_run"": true, ""echo"": {""path"": ""orders"", ""params"": null, ""body"": {""ticker"": ""KXEPLGAME-25NOV09NFOLEE-NFO"", ""side"": ""yes"", ""type"": ""limit"", ""price"": 0.01, ""count"": 2, ""time_in_force"": ""GTC"", ""client_order_id"": ""466f1dd6-178a-4286-8621-a370b0c61d4e""}}}"
2025-11-08T05:03:03.505775Z,place,KXEPLGAME-25NOV09NFOLEE-NFO,no,limit,0.01,2,GTC,a06c25fb-af6c-43f8-8318-789f622ee5aa,"{""dry_run"": true, ""echo"": {""path"": ""orders"", ""params"": null, ""body"": {""ticker"": ""KXEPLGAME-25NOV09NFOLEE-NFO"", ""side"": ""no"", ""type"": ""limit"", ""price"": 0.01, ""count"": 2, ""time_in_force"": ""GTC"", ""client_order_id"": ""a06c25fb-af6c-43f8-8318-789f622ee5aa""}}}"
2025-11-08T05:03:03.712263Z,place,KXEPLGAME-25NOV09NFOLEE-TIE,yes,limit,0.01,2,GTC,10969277-993f-41ae-8bc4-d712161d12b2,"{""dry_run"": true, ""echo"": {""path"": ""orders"", ""params"": null, ""body"": {""ticker"": ""KXEPLGAME-25NOV09NFOLEE-TIE"", ""side"": ""yes"", ""type"": ""limit"", ""price"": 0.01, ""count"": 2, ""time_in_force"": ""GTC"", ""client_order_id"": ""10969277-993f-41ae-8bc4-d712161d12b2""}}}"
2025-11-08T05:03:03.712428Z,place,KXEPLGAME-25NOV09NFOLEE-TIE,no,limit,0.01,2,GTC,65e1dbb6-a445-4d6f-a1a6-306e357aefa0,"{""dry_run"": true, ""echo"": {""path"": ""orders"", ""params"": null, ""body"": {""ticker"": ""KXEPLGAME-25NOV09NFOLEE-TIE"", ""side"": ""no"", ""type"": ""limit"", ""price"": 0.01, ""count"": 2, ""time_in_force"": ""GTC"", ""client_order_id"": ""65e1dbb6-a445-4d6f-a1a6-306e357aefa0""}}}"
2025-11-08T05:03:03.838097Z,place,KXEPLGAME-25NOV22BOUWHU-BOU,yes,limit,0.01,2,GTC,bc38c6da-b5e3-4ac9-a28e-d04c9ca2c480,"{""dry_run"": true, ""echo"": {""path"": ""orders"", ""params"": null, ""body"": {""ticker"": ""KXEPLGAME-25NOV22BOUWHU-BOU"", ""side"": ""yes"", ""type"": ""limit"", ""price"": 0.01, ""count"": 2, ""time_in_force"": ""GTC"", ""client_order_id"": ""bc38c6da-b5e3-4ac9-a28e-d04c9ca2c480""}}}"
2025-11-08T05:03:03.838347Z,place,KXEPLGAME-25NOV22BOUWHU-BOU,no,limit,0.01,2,GTC,5e1c7d49-ae02-418f-9471-6a2c0066cbb5,"{""dry_run"": true, ""echo"": {""path"": ""orders"", ""params"": null, ""body"": {""ticker"": ""KXEPLGAME-25NOV22BOUWHU-BOU"", ""side"": ""no"", ""type"": ""limit"", ""price"": 0.01, ""count"": 2, ""time_in_force"": ""GTC"", ""client_order_id"": ""5e1c7d49-ae02-418f-9471-6a2c0066cbb5""}}}"
2025-11-08T05:03:03.981769Z,place,KXEPLGAME-25NOV22BOUWHU-TIE,yes,limit,0.01,2,GTC,263307be-4a41-491c-bd9f-b17b5c0be274,"{""dry_run"": true, ""echo"": {""path"": ""orders"", ""params"": null, ""body"": {""ticker"": ""KXEPLGAME-25NOV22BOUWHU-TIE"", ""side"": ""yes"", ""type"": ""limit"", ""price"": 0.01, ""count"": 2, ""time_in_force"": ""GTC"", ""client_order_id"": ""263307be-4a41-491c-bd9f-b17b5c0be274""}}}"
2025-11-08T05:03:03.981982Z,place,KXEPLGAME-25NOV22BOUWHU-TIE,no,limit,0.01,2,GTC,7677d68d-1b42-48b9-9a8d-7808d0c8adce,"{""dry_run"": true, ""echo"": {""path"": ""orders"", ""params"": null, ""body"": {""ticker"": ""KXEPLGAME-25NOV22BOUWHU-TIE"", ""side"": ""no"", ""type"": ""limit"", ""price"": 0.01, ""count"": 2, ""time_in_force"": ""GTC"", ""client_order_id"": ""7677d68d-1b42-48b9-9a8d-7808d0c8adce""}}}"
2025-11-08T05:03:04.103415Z,place,KXEPLGAME-25NOV22BOUWHU-WHU,yes,limit,0.01,2,GTC,56c4a192-4cc7-4438-ac67-bff0fd518c5d,"{""dry_run"": true, ""echo"": {""path"": ""orders"", ""params"": null, ""body"": {""ticker"": ""KXEPLGAME-25NOV22BOUWHU-WHU"", ""side"": ""yes"", ""type"": ""limit"", ""price"": 0.01, ""count"": 2, ""time_in_force"": ""GTC"", ""client_order_id"": ""56c4a192-4cc7-4438-ac67-bff0fd518c5d""}}}"
2025-11-08T05:03:04.103632Z,place,KXEPLGAME-25NOV22BOUWHU-WHU,no,limit,0.01,2,GTC,5a48daa7-ca54-45a1-a14e-c929864c2915,"{""dry_run"": true, ""echo"": {""path"": ""orders"", ""params"": null, ""body"": {""ticker"": ""KXEPLGAME-25NOV22BOUWHU-WHU"", ""side"": ""no"", ""type"": ""limit"", ""price"": 0.01, ""count"": 2, ""time_in_force"": ""GTC"", ""client_order_id"": ""5a48daa7-ca54-45a1-a14e-c929864c2915""}}}"
2025-11-08T05:03:04.224790Z,place,KXEPLGAME-25NOV22BRIBRE-BRE,yes,limit,0.01,2,GTC,780bb31c-69b2-4f75-a981-5cb353083533,"{""dry_run"": true, ""echo"": {""path"": ""orders"", ""params"": null, ""body"": {""ticker"": ""KXEPLGAME-25NOV22BRIBRE-BRE"", ""side"": ""yes"", ""type"": ""limit"", ""price"": 0.01, ""count"": 2, ""time_in_force"": ""GTC"", ""client_order_id"": ""780bb31c-69b2-4f75-a981-5cb353083533""}}}"
2025-11-08T05:03:04.224998Z,place,KXEPLGAME-25NOV22BRIBRE-BRE,no,limit,0.01,2,GTC,35c839f4-1a02-4888-bafa-8a7cc84fb712,"{""dry_run"": true, ""echo"": {""path"": ""orders"", ""params"": null, ""body"": {""ticker"": ""KXEPLGAME-25NOV22BRIBRE-BRE"", ""side"": ""no"", ""type"": ""limit"", ""price"": 0.01, ""count"": 2, ""time_in_force"": ""GTC"", ""client_order_id"": ""35c839f4-1a02-4888-bafa-8a7cc84fb712""}}}"
2025-11-08T05:03:04.340495Z,place,KXEPLGAME-25NOV22BRIBRE-BRI,yes,limit,0.01,2,GTC,bc124a25-1887-490f-b52e-a4f6aa839e39,"{""dry_run"": true, ""echo"": {""path"": ""orders"", ""params"": null, ""body"": {""ticker"": ""KXEPLGAME-25NOV22BRIBRE-BRI"", ""side"": ""yes"", ""type"": ""limit"", ""price"": 0.01, ""count"": 2, ""time_in_force"": ""GTC"", ""client_order_id"": ""bc124a25-1887-490f-b52e-a4f6aa839e39""}}}"
2025-11-08T05:03:04.340713Z,place,KXEPLGAME-25NOV22BRIBRE-BRI,no,limit,0.01,2,GTC,29002d10-4433-41d9-ab6c-302201c73cbc,"{""dry_run"": true, ""echo"": {""path"": ""orders"", ""params"": null, ""body"": {""ticker"": ""KXEPLGAME-25NOV22BRIBRE-BRI"", ""side"": ""no"", ""type"": ""limit"", ""price"": 0.01, ""count"": 2, ""time_in_force"": ""GTC"", ""client_order_id"": ""29002d10-4433-41d9-ab6c-302201c73cbc""}}}"
2025-11-08T05:03:04.479294Z,place,KXEPLGAME-25NOV22BRIBRE-TIE,yes,limit,0.01,2,GTC,9376e1cd-5c1d-4189-8297-e42c096e627f,"{""dry_run"": true, ""echo"": {""path"": ""orders"", ""params"": null, ""body"": {""ticker"": ""KXEPLGAME-25NOV22BRIBRE-TIE"", ""side"": ""yes"", ""type"": ""limit"", ""price"": 0.01, ""count"": 2, ""time_in_force"": ""GTC"", ""client_order_id"": ""9376e1cd-5c1d-4189-8297-e42c096e627f""}}}"
2025-11-08T05:03:04.479518Z,place,KXEPLGAME-25NOV22BRIBRE-TIE,no,limit,0.01,2,GTC,76b3cbb0-1123-4439-a09d-3bb04dda1af9,"{""dry_run"": true, ""echo"": {""path"": ""orders"", ""params"": null, ""body"": {""ticker"": ""KXEPLGAME-25NOV22BRIBRE-TIE"", ""side"": ""no"", ""type"": ""limit"", ""price"": 0.01, ""count"": 2, ""time_in_force"": ""GTC"", ""client_order_id"": ""76b3cbb0-1123-4439-a09d-3bb04dda1af9""}}}"
2025-11-08T05:03:04.607182Z,place,KXEPLGAME-25NOV22BURCFC-BUR,yes,limit,0.01,2,GTC,3a61a94c-ff76-47b5-b7d2-e9375049e162,"{""dry_run"": true, ""echo"": {""path"": ""orders"", ""params"": null, ""body"": {""ticker"": ""KXEPLGAME-25NOV22BURCFC-BUR"", ""side"": ""yes"", ""type"": ""limit"", ""price"": 0.01, ""count"": 2, ""time_in_force"": ""GTC"", ""client_order_id"": ""3a61a94c-ff76-47b5-b7d2-e9375049e162""}}}"
2025-11-08T05:03:04.607392Z,place,KXEPLGAME-25NOV22BURCFC-BUR,no,limit,0.01,2,GTC,c55da4a2-1024-4b30-a34b-f19af0149488,"{""dry_run"": true, ""echo"": {""path"": ""orders"", ""params"": null, ""body"": {""ticker"": ""KXEPLGAME-25NOV22BURCFC-BUR"", ""side"": ""no"", ""type"": ""limit"", ""price"": 0.01, ""count"": 2, ""time_in_force"": ""GTC"", ""client_order_id"": ""c55da4a2-1024-4b30-a34b-f19af0149488""}}}"
2025-11-08T05:03:04.779465Z,place,KXEPLGAME-25NOV22BURCFC-CFC,yes,limit,0.01,2,GTC,e716e690-6589-4381-af29-8c01920cd605,"{""dry_run"": true, ""echo"": {""path"": ""orders"", ""params"": null, ""body"": {""ticker"": ""KXEPLGAME-25NOV22BURCFC-CFC"", ""side"": ""yes"", ""type"": ""limit"", ""price"": 0.01, ""count"": 2, ""time_in_force"": ""GTC"", ""client_order_id"": ""e716e690-6589-4381-af29-8c01920cd605""}}}"
2025-11-08T05:03:04.779689Z,place,KXEPLGAME-25NOV22BURCFC-CFC,no,limit,0.01,2,GTC,2306eb7b-7a05-4063-994f-cd9270ab7ef6,"{""dry_run"": true, ""echo"": {""path"": ""orders"", ""params"": null, ""body"": {""ticker"": ""KXEPLGAME-25NOV22BURCFC-CFC"", ""side"": ""no"", ""type"": ""limit"", ""price"": 0.01, ""count"": 2, ""time_in_force"": ""GTC"", ""client_order_id"": ""2306eb7b-7a05-4063-994f-cd9270ab7ef6""}}}"
2025-11-08T05:03:04.906077Z,place,KXEPLGAME-25NOV22BURCFC-TIE,yes,limit,0.01,2,GTC,a6f943e4-8c2b-4fb2-8fdb-273d933466f8,"{""dry_run"": true, ""echo"": {""path"": ""orders"", ""params"": null, ""body"": {""ticker"": ""KXEPLGAME-25NOV22BURCFC-TIE"", ""side"": ""yes"", ""type"": ""limit"", ""price"": 0.01, ""count"": 2, ""time_in_force"": ""GTC"", ""client_order_id"": ""a6f943e4-8c2b-4fb2-8fdb-273d933466f8""}}}"
2025-11-08T05:03:04.906303Z,place,KXEPLGAME-25NOV22BURCFC-TIE,no,limit,0.01,2,GTC,8530b520-9efd-4eea-98d0-5824f59c1c53,"{""dry_run"": true, ""echo"": {""path"": ""orders"", ""params"": null, ""body"": {""ticker"": ""KXEPLGAME-25NOV22BURCFC-TIE"", ""side"": ""no"", ""type"": ""limit"", ""price"": 0.01, ""count"": 2, ""time_in_force"": ""GTC"", ""client_order_id"": ""8530b520-9efd-4eea-98d0-5824f59c1c53""}}}"
2025-11-08T05:03:05.038148Z,place,KXEPLGAME-25NOV22FULSUN-FUL,yes,limit,0.01,2,GTC,220e88aa-9f7b-43aa-8606-89052c434089,"{""dry_run"": true, ""echo"": {""path"": ""orders"", ""params"": null, ""body"": {""ticker"": ""KXEPLGAME-25NOV22FULSUN-FUL"", ""side"": ""yes"", ""type"": ""limit"", ""price"": 0.01, ""count"": 2, ""time_in_force"": ""GTC"", ""client_order_id"": ""220e88aa-9f7b-43aa-8606-89052c434089""}}}"
2025-11-08T05:03:05.038419Z,place,KXEPLGAME-25NOV22FULSUN-FUL,no,limit,0.01,2,GTC,88e8f871-80de-4f06-a869-27df853d6f69,"{""dry_run"": true, ""echo"": {""path"": ""orders"", ""params"": null, ""body"": {""ticker"": ""KXEPLGAME-25NOV22FULSUN-FUL"", ""side"": ""no"", ""type"": ""limit"", ""price"": 0.01, ""count"": 2, ""time_in_force"": ""GTC"", ""client_order_id"": ""88e8f871-80de-4f06-a869-27df853d6f69""}}}"
2025-11-08T05:03:05.196370Z,place,KXEPLGAME-25NOV22FULSUN-SUN,yes,limit,0.01,2,GTC,6e7466d6-4d62-419f-b343-d62f5a54aa52,"{""dry_run"": true, ""echo"": {""path"": ""orders"", ""params"": null, ""body"": {""ticker"": ""KXEPLGAME-25NOV22FULSUN-SUN"", ""side"": ""yes"", ""type"": ""limit"", ""price"": 0.01, ""count"": 2, ""time_in_force"": ""GTC"", ""client_order_id"": ""6e7466d6-4d62-419f-b343-d62f5a54aa52""}}}"
2025-11-08T05:03:05.196564Z,place,KXEPLGAME-25NOV22FULSUN-SUN,no,limit,0.01,2,GTC,35fad95d-5654-4310-bc90-4d10fc0dacab,"{""dry_run"": true, ""echo"": {""path"": ""orders"", ""params"": null, ""body"": {""ticker"": ""KXEPLGAME-25NOV22FULSUN-SUN"", ""side"": ""no"", ""type"": ""limit"", ""price"": 0.01, ""count"": 2, ""time_in_force"": ""GTC"", ""client_order_id"": ""35fad95d-5654-4310-bc90-4d10fc0dacab""}}}"
2025-11-08T05:03:05.345279Z,place,KXEPLGAME-25NOV22FULSUN-TIE,yes,limit,0.01,2,GTC,5a2dfdb4-cbe2-4db6-9851-c444bced210d,"{""dry_run"": true, ""echo"": {""path"": ""orders"", ""params"": null, ""body"": {""ticker"": ""KXEPLGAME-25NOV22FULSUN-TIE"", ""side"": ""yes"", ""type"": ""limit"", ""price"": 0.01, ""count"": 2, ""time_in_force"": ""GTC"", ""client_order_id"": ""5a2dfdb4-cbe2-4db6-9851-c444bced210d""}}}"
2025-11-08T05:03:05.345473Z,place,KXEPLGAME-25NOV22FULSUN-TIE,no,limit,0.01,2,GTC,ad921058-6e7a-4f4d-93da-f1b4c8411c1a,"{""dry_run"": true, ""echo"": {""path"": ""orders"", ""params"": null, ""body"": {""ticker"": ""KXEPLGAME-25NOV22FULSUN-TIE"", ""side"": ""no"", ""type"": ""limit"", ""price"": 0.01, ""count"": 2, ""time_in_force"": ""GTC"", ""client_order_id"": ""ad921058-6e7a-4f4d-93da-f1b4c8411c1a""}}}"
2025-11-08T05:03:05.454737Z,place,KXEPLGAME-25NOV22LFCNFO-LFC,yes,limit,0.01,2,GTC,1fe97f73-5a57-41b4-b873-bc267fa920e0,"{""dry_run"": true, ""echo"": {""path"": ""orders"", ""params"": null, ""body"": {""ticker"": ""KXEPLGAME-25NOV22LFCNFO-LFC"", ""side"": ""yes"", ""type"": ""limit"", ""price"": 0.01, ""count"": 2, ""time_in_force"": ""GTC"", ""client_order_id"": ""1fe97f73-5a57-41b4-b873-bc267fa920e0""}}}"
2025-11-08T05:03:05.454884Z,place,KXEPLGAME-25NOV22LFCNFO-LFC,no,limit,0.01,2,GTC,e9e9593f-9bc9-4aff-9e43-818924df8a28,"{""dry_run"": true, ""echo"": {""path"": ""orders"", ""params"": null, ""body"": {""ticker"": ""KXEPLGAME-25NOV22LFCNFO-LFC"", ""side"": ""no"", ""type"": ""limit"", ""price"": 0.01, ""count"": 2, ""time_in_force"": ""GTC"", ""client_order_id"": ""e9e9593f-9bc9-4aff-9e43-818924df8a28""}}}"
2025-11-08T05:03:05.570498Z,place,KXEPLGAME-25NOV22LFCNFO-NFO,yes,limit,0.01,2,GTC,2e37af23-a4d6-42fa-950f-ed229f790116,"{""dry_run"": true, ""echo"": {""path"": ""orders"", ""params"": null, ""body"": {""ticker"": ""KXEPLGAME-25NOV22LFCNFO-NFO"", ""side"": ""yes"", ""type"": ""limit"", ""price"": 0.01, ""count"": 2, ""time_in_force"": ""GTC"", ""client_order_id"": ""2e37af23-a4d6-42fa-950f-ed229f790116""}}}"
2025-11-08T05:03:05.570579Z,place,KXEPLGAME-25NOV22LFCNFO-NFO,no,limit,0.01,2,GTC,3d1dba25-4a1a-46eb-bc6d-f341332bf63a,"{""dry_run"": true, ""echo"": {""path"": ""orders"", ""params"": null, ""body"": {""ticker"": ""KXEPLGAME-25NOV22LFCNFO-NFO"", ""side"": ""no"", ""type"": ""limit"", ""price"": 0.01, ""count"": 2, ""time_in_force"": ""GTC"", ""client_order_id"": ""3d1dba25-4a1a-46eb-bc6d-f341332bf63a""}}}"
2025-11-08T05:03:05.709539Z,place,KXEPLGAME-25NOV22LFCNFO-TIE,yes,limit,0.01,2,GTC,70859719-5661-4d04-b372-4ff6fa1f8930,"{""dry_run"": true, ""echo"": {""path"": ""orders"", ""params"": null, ""body"": {""ticker"": ""KXEPLGAME-25NOV22LFCNFO-TIE"", ""side"": ""yes"", ""type"": ""limit"", ""price"": 0.01, ""count"": 2, ""time_in_force"": ""GTC"", ""client_order_id"": ""70859719-5661-4d04-b372-4ff6fa1f8930""}}}"
2025-11-08T05:03:05.709793Z,place,KXEPLGAME-25NOV22LFCNFO-TIE,no,limit,0.01,2,GTC,7f878e6d-0d19-4dde-8ded-079b194222e9,"{""dry_run"": true, ""echo"": {""path"": ""orders"", ""params"": null, ""body"": {""ticker"": ""KXEPLGAME-25NOV22LFCNFO-TIE"", ""side"": ""no"", ""type"": ""limit"", ""price"": 0.01, ""count"": 2, ""time_in_force"": ""GTC"", ""client_order_id"": ""7f878e6d-0d19-4dde-8ded-079b194222e9""}}}"
2025-11-08T05:03:05.831828Z,place,KXEPLGAME-25NOV22NEWMCI-MCI,yes,limit,0.01,2,GTC,a1b4d84f-94fe-461f-be62-e6ce12e8eab2,"{""dry_run"": true, ""echo"": {""path"": ""orders"", ""params"": null, ""body"": {""ticker"": ""KXEPLGAME-25NOV22NEWMCI-MCI"", ""side"": ""yes"", ""type"": ""limit"", ""price"": 0.01, ""count"": 2, ""time_in_force"": ""GTC"", ""client_order_id"": ""a1b4d84f-94fe-461f-be62-e6ce12e8eab2""}}}"
2025-11-08T05:03:05.831912Z,place,KXEPLGAME-25NOV22NEWMCI-MCI,no,limit,0.01,2,GTC,3b32705c-e06f-4c39-92ee-d11be15af121,"{""dry_run"": true, ""echo"": {""path"": ""orders"", ""params"": null, ""body"": {""ticker"": ""KXEPLGAME-25NOV22NEWMCI-MCI"", ""side"": ""no"", ""type"": ""limit"", ""price"": 0.01, ""count"": 2, ""time_in_force"": ""GTC"", ""client_order_id"": ""3b32705c-e06f-4c39-92ee-d11be15af121""}}}"
2025-11-08T05:03:05.940341Z,place,KXEPLGAME-25NOV22NEWMCI-NEW,yes,limit,0.01,2,GTC,c25a78e5-d940-4f36-a130-145cb44cf5a1,"{""dry_run"": true, ""echo"": {""path"": ""orders"", ""params"": null, ""body"": {""ticker"": ""KXEPLGAME-25NOV22NEWMCI-NEW"", ""side"": ""yes"", ""type"": ""limit"", ""price"": 0.01, ""count"": 2, ""time_in_force"": ""GTC"", ""client_order_id"": ""c25a78e5-d940-4f36-a130-145cb44cf5a1""}}}"
2025-11-08T05:03:05.940433Z,place,KXEPLGAME-25NOV22NEWMCI-NEW,no,limit,0.01,2,GTC,d716338c-bba5-4dc0-8994-bb09d9a7e90f,"{""dry_run"": true, ""echo"": {""path"": ""orders"", ""params"": null, ""body"": {""ticker"": ""KXEPLGAME-25NOV22NEWMCI-NEW"", ""side"": ""no"", ""type"": ""limit"", ""price"": 0.01, ""count"": 2, ""time_in_force"": ""GTC"", ""client_order_id"": ""d716338c-bba5-4dc0-8994-bb09d9a7e90f""}}}"
2025-11-08T05:03:06.055253Z,place,KXEPLGAME-25NOV22NEWMCI-TIE,yes,limit,0.01,2,GTC,d850b094-03f7-42fa-b07a-c1ac53b6de87,"{""dry_run"": true, ""echo"": {""path"": ""orders"", ""params"": null, ""body"": {""ticker"": ""KXEPLGAME-25NOV22NEWMCI-TIE"", ""side"": ""yes"", ""type"": ""limit"", ""price"": 0.01, ""count"": 2, ""time_in_force"": ""GTC"", ""client_order_id"": ""d850b094-03f7-42fa-b07a-c1ac53b6de87""}}}"
2025-11-08T05:03:06.055340Z,place,KXEPLGAME-25NOV22NEWMCI-TIE,no,limit,0.01,2,GTC,5f9b5519-ecdb-407f-9c00-d3d2ac28693a,"{""dry_run"": true, ""echo"": {""path"": ""orders"", ""params"": null, ""body"": {""ticker"": ""KXEPLGAME-25NOV22NEWMCI-TIE"", ""side"": ""no"", ""type"": ""limit"", ""price"": 0.01, ""count"": 2, ""time_in_force"": ""GTC"", ""client_order_id"": ""5f9b5519-ecdb-407f-9c00-d3d2ac28693a""}}}"
2025-11-08T05:03:06.167757Z,place,KXEPLGAME-25NOV22WOLCRY-CRY,yes,limit,0.01,2,GTC,e98f97fd-8d40-4f10-b60b-2186f35fb960,"{""dry_run"": true, ""echo"": {""path"": ""orders"", ""params"": null, ""body"": {""ticker"": ""KXEPLGAME-25NOV22WOLCRY-CRY"", ""side"": ""yes"", ""type"": ""limit"", ""price"": 0.01, ""count"": 2, ""time_in_force"": ""GTC"", ""client_order_id"": ""e98f97fd-8d40-4f10-b60b-2186f35fb960""}}}"
2025-11-08T05:03:06.167829Z,place,KXEPLGAME-25NOV22WOLCRY-CRY,no,limit,0.01,2,GTC,e5ec0b6f-9cae-4bcc-acf5-1a79f34261aa,"{""dry_run"": true, ""echo"": {""path"": ""orders"", ""params"": null, ""body"": {""ticker"": ""KXEPLGAME-25NOV22WOLCRY-CRY"", ""side"": ""no"", ""type"": ""limit"", ""price"": 0.01, ""count"": 2, ""time_in_force"": ""GTC"", ""client_order_id"": ""e5ec0b6f-9cae-4bcc-acf5-1a79f34261aa""}}}"
2025-11-08T05:03:06.275720Z,place,KXEPLGAME-25NOV22WOLCRY-TIE,yes,limit,0.01,2,GTC,b257960b-20e5-4a9f-b9da-4d3e5937659a,"{""dry_run"": true, ""echo"": {""path"": ""orders"", ""params"": null, ""body"": {""ticker"": ""KXEPLGAME-25NOV22WOLCRY-TIE"", ""side"": ""yes"", ""type"": ""limit"", ""price"": 0.01, ""count"": 2, ""time_in_force"": ""GTC"", ""client_order_id"": ""b257960b-20e5-4a9f-b9da-4d3e5937659a""}}}"
2025-11-08T05:03:06.275890Z,place,KXEPLGAME-25NOV22WOLCRY-TIE,no,limit,0.01,2,GTC,e89decfc-03ed-4d51-8f56-bbcc7fadaae2,"{""dry_run"": true, ""echo"": {""path"": ""orders"", ""params"": null, ""body"": {""ticker"": ""KXEPLGAME-25NOV22WOLCRY-TIE"", ""side"": ""no"", ""type"": ""limit"", ""price"": 0.01, ""count"": 2, ""time_in_force"": ""GTC"", ""client_order_id"": ""e89decfc-03ed-4d51-8f56-bbcc7fadaae2""}}}"
2025-11-08T05:03:06.391351Z,place,KXEPLGAME-25NOV22WOLCRY-WOL,yes,limit,0.01,2,GTC,397174ab-36fb-46a3-ae9a-5c383eda9696,"{""dry_run"": true, ""echo"": {""path"": ""orders"", ""params"": null, ""body"": {""ticker"": ""KXEPLGAME-25NOV22WOLCRY-WOL"", ""side"": ""yes"", ""type"": ""limit"", ""price"": 0.01, ""count"": 2, ""time_in_force"": ""GTC"", ""client_order_id"": ""397174ab-36fb-46a3-ae9a-5c383eda9696""}}}"
2025-11-08T05:03:06.391516Z,place,KXEPLGAME-25NOV22WOLCRY-WOL,no,limit,0.01,2,GTC,6dd389d8-bbd2-4d77-a15d-4b7f1b223804,"{""dry_run"": true, ""echo"": {""path"": ""orders"", ""params"": null, ""body"": {""ticker"": ""KXEPLGAME-25NOV22WOLCRY-WOL"", ""side"": ""no"", ""type"": ""limit"", ""price"": 0.01, ""count"": 2, ""time_in_force"": ""GTC"", ""client_order_id"": ""6dd389d8-bbd2-4d77-a15d-4b7f1b223804""}}}"
2025-11-08T05:03:06.503131Z,place,KXEPLGAME-25NOV23ARSTOT-ARS,yes,limit,0.01,2,GTC,21a0e298-336b-4aea-b621-83f6905239d2,"{""dry_run"": true, ""echo"": {""path"": ""orders"", ""params"": null, ""body"": {""ticker"": ""KXEPLGAME-25NOV23ARSTOT-ARS"", ""side"": ""yes"", ""type"": ""limit"", ""price"": 0.01, ""count"": 2, ""time_in_force"": ""GTC"", ""client_order_id"": ""21a0e298-336b-4aea-b621-83f6905239d2""}}}"
2025-11-08T05:03:06.503256Z,place,KXEPLGAME-25NOV23ARSTOT-ARS,no,limit,0.01,2,GTC,f0a431ad-dd06-4971-b965-b4a809a31616,"{""dry_run"": true, ""echo"": {""path"": ""orders"", ""params"": null, ""body"": {""ticker"": ""KXEPLGAME-25NOV23ARSTOT-ARS"", ""side"": ""no"", ""type"": ""limit"", ""price"": 0.01, ""count"": 2, ""time_in_force"": ""GTC"", ""client_order_id"": ""f0a431ad-dd06-4971-b965-b4a809a31616""}}}"
2025-11-08T05:03:06.623959Z,place,KXEPLGAME-25NOV23ARSTOT-TIE,yes,limit,0.01,2,GTC,185d348e-6684-4122-a46c-651923217fa6,"{""dry_run"": true, ""echo"": {""path"": ""orders"", ""params"": null, ""body"": {""ticker"": ""KXEPLGAME-25NOV23ARSTOT-TIE"", ""side"": ""yes"", ""type"": ""limit"", ""price"": 0.01, ""count"": 2, ""time_in_force"": ""GTC"", ""client_order_id"": ""185d348e-6684-4122-a46c-651923217fa6""}}}"
2025-11-08T05:03:06.624080Z,place,KXEPLGAME-25NOV23ARSTOT-TIE,no,limit,0.01,2,GTC,4f09dc8c-9801-4e69-a249-1848c1bc52ea,"{""dry_run"": true, ""echo"": {""path"": ""orders"", ""params"": null, ""body"": {""ticker"": ""KXEPLGAME-25NOV23ARSTOT-TIE"", ""side"": ""no"", ""type"": ""limit"", ""price"": 0.01, ""count"": 2, ""time_in_force"": ""GTC"", ""client_order_id"": ""4f09dc8c-9801-4e69-a249-1848c1bc52ea""}}}"
2025-11-08T05:03:06.737728Z,place,KXEPLGAME-25NOV23ARSTOT-TOT,yes,limit,0.01,2,GTC,845baf9f-62b5-49a7-b8bd-bf968f4ea7fd,"{""dry_run"": true, ""echo"": {""path"": ""orders"", ""params"": null, ""body"": {""ticker"": ""KXEPLGAME-25NOV23ARSTOT-TOT"", ""side"": ""yes"", ""type"": ""limit"", ""price"": 0.01, ""count"": 2, ""time_in_force"": ""GTC"", ""client_order_id"": ""845baf9f-62b5-49a7-b8bd-bf968f4ea7fd""}}}"
2025-11-08T05:03:06.737851Z,place,KXEPLGAME-25NOV23ARSTOT-TOT,no,limit,0.01,2,GTC,8cb15ea6-f150-45c3-96d9-7ae8cbf2678e,"{""dry_run"": true, ""echo"": {""path"": ""orders"", ""params"": null, ""body"": {""ticker"": ""KXEPLGAME-25NOV23ARSTOT-TOT"", ""side"": ""no"", ""type"": ""limit"", ""price"": 0.01, ""count"": 2, ""time_in_force"": ""GTC"", ""client_order_id"": ""8cb15ea6-f150-45c3-96d9-7ae8cbf2678e""}}}"
2025-11-08T05:03:06.847380Z,place,KXEPLGAME-25NOV23LEEAVL-AVL,yes,limit,0.01,2,GTC,34010e08-c395-4739-8b1b-86c25902b287,"{""dry_run"": true, ""echo"": {""path"": ""orders"", ""params"": null, ""body"": {""ticker"": ""KXEPLGAME-25NOV23LEEAVL-AVL"", ""side"": ""yes"", ""type"": ""limit"", ""price"": 0.01, ""count"": 2, ""time_in_force"": ""GTC"", ""client_order_id"": ""34010e08-c395-4739-8b1b-86c25902b287""}}}"
2025-11-08T05:03:06.847590Z,place,KXEPLGAME-25NOV23LEEAVL-AVL,no,limit,0.01,2,GTC,2ca8a868-c5dd-4263-9d92-8c4c35becdfb,"{""dry_run"": true, ""echo"": {""path"": ""orders"", ""params"": null, ""body"": {""ticker"": ""KXEPLGAME-25NOV23LEEAVL-AVL"", ""side"": ""no"", ""type"": ""limit"", ""price"": 0.01, ""count"": 2, ""time_in_force"": ""GTC"", ""client_order_id"": ""2ca8a868-c5dd-4263-9d92-8c4c35becdfb""}}}"
2025-11-08T05:03:06.967255Z,place,KXEPLGAME-25NOV23LEEAVL-LEE,yes,limit,0.01,2,GTC,70193849-0710-403b-b652-d55aed305000,"{""dry_run"": true, ""echo"": {""path"": ""orders"", ""params"": null, ""body"": {""ticker"": ""KXEPLGAME-25NOV23LEEAVL-LEE"", ""side"": ""yes"", ""type"": ""limit"", ""price"": 0.01, ""count"": 2, ""time_in_force"": ""GTC"", ""client_order_id"": ""70193849-0710-403b-b652-d55aed305000""}}}"
2025-11-08T05:03:06.967415Z,place,KXEPLGAME-25NOV23LEEAVL-LEE,no,limit,0.01,2,GTC,5d2da46b-c886-4dd9-b98b-4665e9c95721,"{""dry_run"": true, ""echo"": {""path"": ""orders"", ""params"": null, ""body"": {""ticker"": ""KXEPLGAME-25NOV23LEEAVL-LEE"", ""side"": ""no"", ""type"": ""limit"", ""price"": 0.01, ""count"": 2, ""time_in_force"": ""GTC"", ""client_order_id"": ""5d2da46b-c886-4dd9-b98b-4665e9c95721""}}}"
2025-11-08T05:03:07.078030Z,place,KXEPLGAME-25NOV23LEEAVL-TIE,yes,limit,0.01,2,GTC,43eee7e5-34c3-4f14-b143-271d325d9869,"{""dry_run"": true, ""echo"": {""path"": ""orders"", ""params"": null, ""body"": {""ticker"": ""KXEPLGAME-25NOV23LEEAVL-TIE"", ""side"": ""yes"", ""type"": ""limit"", ""price"": 0.01, ""count"": 2, ""time_in_force"": ""GTC"", ""client_order_id"": ""43eee7e5-34c3-4f14-b143-271d325d9869""}}}"
2025-11-08T05:03:07.078179Z,place,KXEPLGAME-25NOV23LEEAVL-TIE,no,limit,0.01,2,GTC,d48c3cf0-d1a4-4cdd-b5f4-672db77f85bc,"{""dry_run"": true, ""echo"": {""path"": ""orders"", ""params"": null, ""body"": {""ticker"": ""KXEPLGAME-25NOV23LEEAVL-TIE"", ""side"": ""no"", ""type"": ""limit"", ""price"": 0.01, ""count"": 2, ""time_in_force"": ""GTC"", ""client_order_id"": ""d48c3cf0-d1a4-4cdd-b5f4-672db77f85bc""}}}"
2025-11-21T23:23:27.305103Z,place,KXEPLGAME-25DEC02BOUEVE-BOU,yes,limit,0.01,2,GTC,71cbf201-f57c-4cae-90d2-94ffe97bddac,"{""dry_run"": true, ""echo"": {""path"": ""orders"", ""params"": null, ""body"": {""ticker"": ""KXEPLGAME-25DEC02BOUEVE-BOU"", ""side"": ""yes"", ""type"": ""limit"", ""price"": 0.01, ""count"": 2, ""time_in_force"": ""GTC"", ""client_order_id"": ""71cbf201-f57c-4cae-90d2-94ffe97bddac""}}}"
2025-11-21T23:23:27.305712Z,place,KXEPLGAME-25DEC02BOUEVE-BOU,no,limit,0.01,2,GTC,64758322-d3e5-480d-acbc-31a214961b12,"{""dry_run"": true, ""echo"": {""path"": ""orders"", ""params"": null, ""body"": {""ticker"": ""KXEPLGAME-25DEC02BOUEVE-BOU"", ""side"": ""no"", ""type"": ""limit"", ""price"": 0.01, ""count"": 2, ""time_in_force"": ""GTC"", ""client_order_id"": ""64758322-d3e5-480d-acbc-31a214961b12""}}}"
2025-11-21T23:23:27.425028Z,place,KXEPLGAME-25DEC02BOUEVE-EVE,yes,limit,0.01,2,GTC,481c6198-4490-4cd8-b3be-cb65ea7c6b0c,"{""dry_run"": true, ""echo"": {""path"": ""orders"", ""params"": null, ""body"": {""ticker"": ""KXEPLGAME-25DEC02BOUEVE-EVE"", ""side"": ""yes"", ""type"": ""limit"", ""price"": 0.01, ""count"": 2, ""time_in_force"": ""GTC"", ""client_order_id"": ""481c6198-4490-4cd8-b3be-cb65ea7c6b0c""}}}"
2025-11-21T23:23:27.425210Z,place,KXEPLGAME-25DEC02BOUEVE-EVE,no,limit,0.01,2,GTC,a452d5ed-2201-4892-9868-5b4185a73f62,"{""dry_run"": true, ""echo"": {""path"": ""orders"", ""params"": null, ""body"": {""ticker"": ""KXEPLGAME-25DEC02BOUEVE-EVE"", ""side"": ""no"", ""type"": ""limit"", ""price"": 0.01, ""count"": 2, ""time_in_force"": ""GTC"", ""client_order_id"": ""a452d5ed-2201-4892-9868-5b4185a73f62""}}}"
2025-11-21T23:23:27.526452Z,place,KXEPLGAME-25DEC02BOUEVE-TIE,yes,limit,0.01,2,GTC,797a609a-2585-41c4-bf6d-9be3a2496e19,"{""dry_run"": true, ""echo"": {""path"": ""orders"", ""params"": null, ""body"": {""ticker"": ""KXEPLGAME-25DEC02BOUEVE-TIE"", ""side"": ""yes"", ""type"": ""limit"", ""price"": 0.01, ""count"": 2, ""time_in_force"": ""GTC"", ""client_order_id"": ""797a609a-2585-41c4-bf6d-9be3a2496e19""}}}"
2025-11-21T23:23:27.526718Z,place,KXEPLGAME-25DEC02BOUEVE-TIE,no,limit,0.01,2,GTC,f8b3bc2c-b212-472f-9eaf-1e4cef5c2f7f,"{""dry_run"": true, ""echo"": {""path"": ""orders"", ""params"": null, ""body"": {""ticker"": ""KXEPLGAME-25DEC02BOUEVE-TIE"", ""side"": ""no"", ""type"": ""limit"", ""price"": 0.01, ""count"": 2, ""time_in_force"": ""GTC"", ""client_order_id"": ""f8b3bc2c-b212-472f-9eaf-1e4cef5c2f7f""}}}"
2025-11-21T23:23:27.626993Z,place,KXEPLGAME-25DEC02FULMCI-FUL,yes,limit,0.01,2,GTC,a17b2cf4-779c-41dd-97d1-edaff645498c,"{""dry_run"": true, ""echo"": {""path"": ""orders"", ""params"": null, ""body"": {""ticker"": ""KXEPLGAME-25DEC02FULMCI-FUL"", ""side"": ""yes"", ""type"": ""limit"", ""price"": 0.01, ""count"": 2, ""time_in_force"": ""GTC"", ""client_order_id"": ""a17b2cf4-779c-41dd-97d1-edaff645498c""}}}"
2025-11-21T23:23:27.627143Z,place,KXEPLGAME-25DEC02FULMCI-FUL,no,limit,0.01,2,GTC,b5fc4e2d-adbb-4217-ae71-a7c4164b0c22,"{""dry_run"": true, ""echo"": {""path"": ""orders"", ""params"": null, ""body"": {""ticker"": ""KXEPLGAME-25DEC02FULMCI-FUL"", ""side"": ""no"", ""type"": ""limit"", ""price"": 0.01, ""count"": 2, ""time_in_force"": ""GTC"", ""client_order_id"": ""b5fc4e2d-adbb-4217-ae71-a7c4164b0c22""}}}"
2025-11-21T23:23:27.740552Z,place,KXEPLGAME-25DEC02FULMCI-MCI,yes,limit,0.01,2,GTC,4263f236-8994-4994-ac29-6aa477ce95d0,"{""dry_run"": true, ""echo"": {""path"": ""orders"", ""params"": null, ""body"": {""ticker"": ""KXEPLGAME-25DEC02FULMCI-MCI"", ""side"": ""yes"", ""type"": ""limit"", ""price"": 0.01, ""count"": 2, ""time_in_force"": ""GTC"", ""client_order_id"": ""4263f236-8994-4994-ac29-6aa477ce95d0""}}}"
2025-11-21T23:23:27.740702Z,place,KXEPLGAME-25DEC02FULMCI-MCI,no,limit,0.01,2,GTC,7251f015-b858-4392-a394-cbf87906f1cf,"{""dry_run"": true, ""echo"": {""path"": ""orders"", ""params"": null, ""body"": {""ticker"": ""KXEPLGAME-25DEC02FULMCI-MCI"", ""side"": ""no"", ""type"": ""limit"", ""price"": 0.01, ""count"": 2, ""time_in_force"": ""GTC"", ""client_order_id"": ""7251f015-b858-4392-a394-cbf87906f1cf""}}}"
2025-11-21T23:23:27.851833Z,place,KXEPLGAME-25DEC02FULMCI-TIE,yes,limit,0.01,2,GTC,ccb07b86-e10a-4181-b8f1-783b45778c2e,"{""dry_run"": true, ""echo"": {""path"": ""orders"", ""params"": null, ""body"": {""ticker"": ""KXEPLGAME-25DEC02FULMCI-TIE"", ""side"": ""yes"", ""type"": ""limit"", ""price"": 0.01, ""count"": 2, ""time_in_force"": ""GTC"", ""client_order_id"": ""ccb07b86-e10a-4181-b8f1-783b45778c2e""}}}"
2025-11-21T23:23:27.851984Z,place,KXEPLGAME-25DEC02FULMCI-TIE,no,limit,0.01,2,GTC,8c7d06f4-4dc7-4121-b521-48ae41da9441,"{""dry_run"": true, ""echo"": {""path"": ""orders"", ""params"": null, ""body"": {""ticker"": ""KXEPLGAME-25DEC02FULMCI-TIE"", ""side"": ""no"", ""type"": ""limit"", ""price"": 0.01, ""count"": 2, ""time_in_force"": ""GTC"", ""client_order_id"": ""8c7d06f4-4dc7-4121-b521-48ae41da9441""}}}"
2025-11-21T23:23:28.004861Z,place,KXEPLGAME-25DEC02NEWTOT-NEW,yes,limit,0.01,2,GTC,95845ada-df2c-42b0-b44c-601e1f7ff9ce,"{""dry_run"": true, ""echo"": {""path"": ""orders"", ""params"": null, ""body"": {""ticker"": ""KXEPLGAME-25DEC02NEWTOT-NEW"", ""side"": ""yes"", ""type"": ""limit"", ""price"": 0.01, ""count"": 2, ""time_in_force"": ""GTC"", ""client_order_id"": ""95845ada-df2c-42b0-b44c-601e1f7ff9ce""}}}"
2025-11-21T23:23:28.005091Z,place,KXEPLGAME-25DEC02NEWTOT-NEW,no,limit,0.01,2,GTC,00a39fcb-51fe-4125-abd6-56530d4b4cc2,"{""dry_run"": true, ""echo"": {""path"": ""orders"", ""params"": null, ""body"": {""ticker"": ""KXEPLGAME-25DEC02NEWTOT-NEW"", ""side"": ""no"", ""type"": ""limit"", ""price"": 0.01, ""count"": 2, ""time_in_force"": ""GTC"", ""client_order_id"": ""00a39fcb-51fe-4125-abd6-56530d4b4cc2""}}}"
2025-11-21T23:23:28.110786Z,place,KXEPLGAME-25DEC02NEWTOT-TIE,yes,limit,0.01,2,GTC,1eeb1537-b3f2-419d-b12c-ea29f0cee1e9,"{""dry_run"": true, ""echo"": {""path"": ""orders"", ""params"": null, ""body"": {""ticker"": ""KXEPLGAME-25DEC02NEWTOT-TIE"", ""side"": ""yes"", ""type"": ""limit"", ""price"": 0.01, ""count"": 2, ""time_in_force"": ""GTC"", ""client_order_id"": ""1eeb1537-b3f2-419d-b12c-ea29f0cee1e9""}}}"
2025-11-21T23:23:28.111040Z,place,KXEPLGAME-25DEC02NEWTOT-TIE,no,limit,0.01,2,GTC,a500bb3c-1722-4d7b-9fab-45ac0c7f1b15,"{""dry_run"": true, ""echo"": {""path"": ""orders"", ""params"": null, ""body"": {""ticker"": ""KXEPLGAME-25DEC02NEWTOT-TIE"", ""side"": ""no"", ""type"": ""limit"", ""price"": 0.01, ""count"": 2, ""time_in_force"": ""GTC"", ""client_order_id"": ""a500bb3c-1722-4d7b-9fab-45ac0c7f1b15""}}}"
2025-11-21T23:23:28.211690Z,place,KXEPLGAME-25DEC02NEWTOT-TOT,yes,limit,0.01,2,GTC,14689399-4708-49c4-9bd0-e6547455db15,"{""dry_run"": true, ""echo"": {""path"": ""orders"", ""params"": null, ""body"": {""ticker"": ""KXEPLGAME-25DEC02NEWTOT-TOT"", ""side"": ""yes"", ""type"": ""limit"", ""price"": 0.01, ""count"": 2, ""time_in_force"": ""GTC"", ""client_order_id"": ""14689399-4708-49c4-9bd0-e6547455db15""}}}"
2025-11-21T23:23:28.211849Z,place,KXEPLGAME-25DEC02NEWTOT-TOT,no,limit,0.01,2,GTC,2df20e97-3c79-486c-8600-4634b48c14df,"{""dry_run"": true, ""echo"": {""path"": ""orders"", ""params"": null, ""body"": {""ticker"": ""KXEPLGAME-25DEC02NEWTOT-TOT"", ""side"": ""no"", ""type"": ""limit"", ""price"": 0.01, ""count"": 2, ""time_in_force"": ""GTC"", ""client_order_id"": ""2df20e97-3c79-486c-8600-4634b48c14df""}}}"
2025-11-21T23:23:28.311957Z,place,KXEPLGAME-25DEC03ARSBRE-ARS,yes,limit,0.01,2,GTC,5de75135-8894-4ec9-a873-c5e68ec552cb,"{""dry_run"": true, ""echo"": {""path"": ""orders"", ""params"": null, ""body"": {""ticker"": ""KXEPLGAME-25DEC03ARSBRE-ARS"", ""side"": ""yes"", ""type"": ""limit"", ""price"": 0.01, ""count"": 2, ""time_in_force"": ""GTC"", ""client_order_id"": ""5de75135-8894-4ec9-a873-c5e68ec552cb""}}}"
2025-11-21T23:23:28.312094Z,place,KXEPLGAME-25DEC03ARSBRE-ARS,no,limit,0.01,2,GTC,7d96bc50-7e52-464a-81ac-55bc0b209ce5,"{""dry_run"": true, ""echo"": {""path"": ""orders"", ""params"": null, ""body"": {""ticker"": ""KXEPLGAME-25DEC03ARSBRE-ARS"", ""side"": ""no"", ""type"": ""limit"", ""price"": 0.01, ""count"": 2, ""time_in_force"": ""GTC"", ""client_order_id"": ""7d96bc50-7e52-464a-81ac-55bc0b209ce5""}}}"
2025-11-21T23:23:28.414815Z,place,KXEPLGAME-25DEC03ARSBRE-BRE,yes,limit,0.01,2,GTC,1144c447-426f-41de-8cb1-d9f46db824a4,"{""dry_run"": true, ""echo"": {""path"": ""orders"", ""params"": null, ""body"": {""ticker"": ""KXEPLGAME-25DEC03ARSBRE-BRE"", ""side"": ""yes"", ""type"": ""limit"", ""price"": 0.01, ""count"": 2, ""time_in_force"": ""GTC"", ""client_order_id"": ""1144c447-426f-41de-8cb1-d9f46db824a4""}}}"
2025-11-21T23:23:28.414974Z,place,KXEPLGAME-25DEC03ARSBRE-BRE,no,limit,0.01,2,GTC,681bc781-fe22-42a8-9c47-901c553e8ecf,"{""dry_run"": true, ""echo"": {""path"": ""orders"", ""params"": null, ""body"": {""ticker"": ""KXEPLGAME-25DEC03ARSBRE-BRE"", ""side"": ""no"", ""type"": ""limit"", ""price"": 0.01, ""count"": 2, ""time_in_force"": ""GTC"", ""client_order_id"": ""681bc781-fe22-42a8-9c47-901c553e8ecf""}}}"
2025-11-21T23:23:28.525044Z,place,KXEPLGAME-25DEC03ARSBRE-TIE,yes,limit,0.01,2,GTC,46738051-1b87-43cc-9cfa-764868b09b3c,"{""dry_run"": true, ""echo"": {""path"": ""orders"", ""params"": null, ""body"": {""ticker"": ""KXEPLGAME-25DEC03ARSBRE-TIE"", ""side"": ""yes"", ""type"": ""limit"", ""price"": 0.01, ""count"": 2, ""time_in_force"": ""GTC"", ""client_order_id"": ""46738051-1b87-43cc-9cfa-764868b09b3c""}}}"
2025-11-21T23:23:28.525203Z,place,KXEPLGAME-25DEC03ARSBRE-TIE,no,limit,0.01,2,GTC,474918f4-9dbf-4a37-a6cf-4b873cd0c7bf,"{""dry_run"": true, ""echo"": {""path"": ""orders"", ""params"": null, ""body"": {""ticker"": ""KXEPLGAME-25DEC03ARSBRE-TIE"", ""side"": ""no"", ""type"": ""limit"", ""price"": 0.01, ""count"": 2, ""time_in_force"": ""GTC"", ""client_order_id"": ""474918f4-9dbf-4a37-a6cf-4b873cd0c7bf""}}}"
2025-11-21T23:23:28.639385Z,place,KXEPLGAME-25DEC03BRIAVL-AVL,yes,limit,0.01,2,GTC,18fb7c5e-d7e6-4044-8dab-1bd5d6f7c7cd,"{""dry_run"": true, ""echo"": {""path"": ""orders"", ""params"": null, ""body"": {""ticker"": ""KXEPLGAME-25DEC03BRIAVL-AVL"", ""side"": ""yes"", ""type"": ""limit"", ""price"": 0.01, ""count"": 2, ""time_in_force"": ""GTC"", ""client_order_id"": ""18fb7c5e-d7e6-4044-8dab-1bd5d6f7c7cd""}}}"
2025-11-21T23:23:28.639627Z,place,KXEPLGAME-25DEC03BRIAVL-AVL,no,limit,0.01,2,GTC,2db0e741-d8c7-4fc7-87e1-aea7e7cd3b6a,"{""dry_run"": true, ""echo"": {""path"": ""orders"", ""params"": null, ""body"": {""ticker"": ""KXEPLGAME-25DEC03BRIAVL-AVL"", ""side"": ""no"", ""type"": ""limit"", ""price"": 0.01, ""count"": 2, ""time_in_force"": ""GTC"", ""client_order_id"": ""2db0e741-d8c7-4fc7-87e1-aea7e7cd3b6a""}}}"
2025-11-21T23:23:28.758694Z,place,KXEPLGAME-25DEC03BRIAVL-BRI,yes,limit,0.01,2,GTC,2879e703-fc5a-4045-9638-b20db0ce4fbc,"{""dry_run"": true, ""echo"": {""path"": ""orders"", ""params"": null, ""body"": {""ticker"": ""KXEPLGAME-25DEC03BRIAVL-BRI"", ""side"": ""yes"", ""type"": ""limit"", ""price"": 0.01, ""count"": 2, ""time_in_force"": ""GTC"", ""client_order_id"": ""2879e703-fc5a-4045-9638-b20db0ce4fbc""}}}"
2025-11-21T23:23:28.758855Z,place,KXEPLGAME-25DEC03BRIAVL-BRI,no,limit,0.01,2,GTC,fa157a5d-c100-4426-88b4-770ea5fc4b98,"{""dry_run"": true, ""echo"": {""path"": ""orders"", ""params"": null, ""body"": {""ticker"": ""KXEPLGAME-25DEC03BRIAVL-BRI"", ""side"": ""no"", ""type"": ""limit"", ""price"": 0.01, ""count"": 2, ""time_in_force"": ""GTC"", ""client_order_id"": ""fa157a5d-c100-4426-88b4-770ea5fc4b98""}}}"
2025-11-21T23:23:28.879876Z,place,KXEPLGAME-25DEC03BRIAVL-TIE,yes,limit,0.01,2,GTC,4913c77b-8de9-4581-9705-dd99b023d628,"{""dry_run"": true, ""echo"": {""path"": ""orders"", ""params"": null, ""body"": {""ticker"": ""KXEPLGAME-25DEC03BRIAVL-TIE"", ""side"": ""yes"", ""type"": ""limit"", ""price"": 0.01, ""count"": 2, ""time_in_force"": ""GTC"", ""client_order_id"": ""4913c77b-8de9-4581-9705-dd99b023d628""}}}"
2025-11-21T23:23:28.880040Z,place,KXEPLGAME-25DEC03BRIAVL-TIE,no,limit,0.01,2,GTC,04baa716-01e2-466e-9297-d145c18ce708,"{""dry_run"": true, ""echo"": {""path"": ""orders"", ""params"": null, ""body"": {""ticker"": ""KXEPLGAME-25DEC03BRIAVL-TIE"", ""side"": ""no"", ""type"": ""limit"", ""price"": 0.01, ""count"": 2, ""time_in_force"": ""GTC"", ""client_order_id"": ""04baa716-01e2-466e-9297-d145c18ce708""}}}"
2025-11-21T23:23:28.986706Z,place,KXEPLGAME-25DEC03BURCRY-BUR,yes,limit,0.01,2,GTC,0dd0aeb8-2bf5-4acb-96be-def16beccf76,"{""dry_run"": true, ""echo"": {""path"": ""orders"", ""params"": null, ""body"": {""ticker"": ""KXEPLGAME-25DEC03BURCRY-BUR"", ""side"": ""yes"", ""type"": ""limit"", ""price"": 0.01, ""count"": 2, ""time_in_force"": ""GTC"", ""client_order_id"": ""0dd0aeb8-2bf5-4acb-96be-def16beccf76""}}}"
2025-11-21T23:23:28.986865Z,place,KXEPLGAME-25DEC03BURCRY-BUR,no,limit,0.01,2,GTC,797e8de3-9f50-49dd-b5cc-ca6fde775159,"{""dry_run"": true, ""echo"": {""path"": ""orders"", ""params"": null, ""body"": {""ticker"": ""KXEPLGAME-25DEC03BURCRY-BUR"", ""side"": ""no"", ""type"": ""limit"", ""price"": 0.01, ""count"": 2, ""time_in_force"": ""GTC"", ""client_order_id"": ""797e8de3-9f50-49dd-b5cc-ca6fde775159""}}}"
2025-11-21T23:23:29.098077Z,place,KXEPLGAME-25DEC03BURCRY-CRY,yes,limit,0.01,2,GTC,7af8d66f-afb8-4ccb-a60b-71a3bdcf88ba,"{""dry_run"": true, ""echo"": {""path"": ""orders"", ""params"": null, ""body"": {""ticker"": ""KXEPLGAME-25DEC03BURCRY-CRY"", ""side"": ""yes"", ""type"": ""limit"", ""price"": 0.01, ""count"": 2, ""time_in_force"": ""GTC"", ""client_order_id"": ""7af8d66f-afb8-4ccb-a60b-71a3bdcf88ba""}}}"
2025-11-21T23:23:29.098240Z,place,KXEPLGAME-25DEC03BURCRY-CRY,no,limit,0.01,2,GTC,53cbc14c-aaca-4451-a90f-19a9e346b1b8,"{""dry_run"": true, ""echo"": {""path"": ""orders"", ""params"": null, ""body"": {""ticker"": ""KXEPLGAME-25DEC03BURCRY-CRY"", ""side"": ""no"", ""type"": ""limit"", ""price"": 0.01, ""count"": 2, ""time_in_force"": ""GTC"", ""client_order_id"": ""53cbc14c-aaca-4451-a90f-19a9e346b1b8""}}}"
2025-11-21T23:23:29.205332Z,place,KXEPLGAME-25DEC03BURCRY-TIE,yes,limit,0.01,2,GTC,acc1b99c-c6fa-479a-9261-978e38ae7fab,"{""dry_run"": true, ""echo"": {""path"": ""orders"", ""params"": null, ""body"": {""ticker"": ""KXEPLGAME-25DEC03BURCRY-TIE"", ""side"": ""yes"", ""type"": ""limit"", ""price"": 0.01, ""count"": 2, ""time_in_force"": ""GTC"", ""client_order_id"": ""acc1b99c-c6fa-479a-9261-978e38ae7fab""}}}"
2025-11-21T23:23:29.205552Z,place,KXEPLGAME-25DEC03BURCRY-TIE,no,limit,0.01,2,GTC,63b4cb98-9a5a-49a0-8801-8dc31e060011,"{""dry_run"": true, ""echo"": {""path"": ""orders"", ""params"": null, ""body"": {""ticker"": ""KXEPLGAME-25DEC03BURCRY-TIE"", ""side"": ""no"", ""type"": ""limit"", ""price"": 0.01, ""count"": 2, ""time_in_force"": ""GTC"", ""client_order_id"": ""63b4cb98-9a5a-49a0-8801-8dc31e060011""}}}"
2025-11-21T23:23:29.307232Z,place,KXEPLGAME-25DEC03LEECFC-CFC,yes,limit,0.01,2,GTC,1f676111-8b7c-4997-aa20-87d3faef2e8e,"{""dry_run"": true, ""echo"": {""path"": ""orders"", ""params"": null, ""body"": {""ticker"": ""KXEPLGAME-25DEC03LEECFC-CFC"", ""side"": ""yes"", ""type"": ""limit"", ""price"": 0.01, ""count"": 2, ""time_in_force"": ""GTC"", ""client_order_id"": ""1f676111-8b7c-4997-aa20-87d3faef2e8e""}}}"
2025-11-21T23:23:29.307400Z,place,KXEPLGAME-25DEC03LEECFC-CFC,no,limit,0.01,2,GTC,ee79e169-cc5d-402a-8896-de9d0ed3f0ba,"{""dry_run"": true, ""echo"": {""path"": ""orders"", ""params"": null, ""body"": {""ticker"": ""KXEPLGAME-25DEC03LEECFC-CFC"", ""side"": ""no"", ""type"": ""limit"", ""price"": 0.01, ""count"": 2, ""time_in_force"": ""GTC"", ""client_order_id"": ""ee79e169-cc5d-402a-8896-de9d0ed3f0ba""}}}"
2025-11-21T23:23:29.410169Z,place,KXEPLGAME-25DEC03LEECFC-LEE,yes,limit,0.01,2,GTC,632e6579-ef27-49af-9281-6c2f049b2837,"{""dry_run"": true, ""echo"": {""path"": ""orders"", ""params"": null, ""body"": {""ticker"": ""KXEPLGAME-25DEC03LEECFC-LEE"", ""side"": ""yes"", ""type"": ""limit"", ""price"": 0.01, ""count"": 2, ""time_in_force"": ""GTC"", ""client_order_id"": ""632e6579-ef27-49af-9281-6c2f049b2837""}}}"
2025-11-21T23:23:29.410309Z,place,KXEPLGAME-25DEC03LEECFC-LEE,no,limit,0.01,2,GTC,7c825ccd-2d9e-468d-b2b0-06aaff8e458d,"{""dry_run"": true, ""echo"": {""path"": ""orders"", ""params"": null, ""body"": {""ticker"": ""KXEPLGAME-25DEC03LEECFC-LEE"", ""side"": ""no"", ""type"": ""limit"", ""price"": 0.01, ""count"": 2, ""time_in_force"": ""GTC"", ""client_order_id"": ""7c825ccd-2d9e-468d-b2b0-06aaff8e458d""}}}"
2025-11-21T23:23:29.533294Z,place,KXEPLGAME-25DEC03LEECFC-TIE,yes,limit,0.01,2,GTC,ba81668b-9faa-4682-85af-0d9cf2a995fc,"{""dry_run"": true, ""echo"": {""path"": ""orders"", ""params"": null, ""body"": {""ticker"": ""KXEPLGAME-25DEC03LEECFC-TIE"", ""side"": ""yes"", ""type"": ""limit"", ""price"": 0.01, ""count"": 2, ""time_in_force"": ""GTC"", ""client_order_id"": ""ba81668b-9faa-4682-85af-0d9cf2a995fc""}}}"
2025-11-21T23:23:29.533458Z,place,KXEPLGAME-25DEC03LEECFC-TIE,no,limit,0.01,2,GTC,095d8754-5b95-4072-a896-b5a0d7917b28,"{""dry_run"": true, ""echo"": {""path"": ""orders"", ""params"": null, ""body"": {""ticker"": ""KXEPLGAME-25DEC03LEECFC-TIE"", ""side"": ""no"", ""type"": ""limit"", ""price"": 0.01, ""count"": 2, ""time_in_force"": ""GTC"", ""client_order_id"": ""095d8754-5b95-4072-a896-b5a0d7917b28""}}}"
2025-11-21T23:23:29.636727Z,place,KXEPLGAME-25DEC03LFCSUN-LFC,yes,limit,0.01,2,GTC,a24f22d1-f667-4f73-a8bd-9b2c8ac62099,"{""dry_run"": true, ""echo"": {""path"": ""orders"", ""params"": null, ""body"": {""ticker"": ""KXEPLGAME-25DEC03LFCSUN-LFC"", ""side"": ""yes"", ""type"": ""limit"", ""price"": 0.01, ""count"": 2, ""time_in_force"": ""GTC"", ""client_order_id"": ""a24f22d1-f667-4f73-a8bd-9b2c8ac62099""}}}"
2025-11-21T23:23:29.636890Z,place,KXEPLGAME-25DEC03LFCSUN-LFC,no,limit,0.01,2,GTC,0064d68e-7aab-4848-87e5-99993d18523c,"{""dry_run"": true, ""echo"": {""path"": ""orders"", ""params"": null, ""body"": {""ticker"": ""KXEPLGAME-25DEC03LFCSUN-LFC"", ""side"": ""no"", ""type"": ""limit"", ""price"": 0.01, ""count"": 2, ""time_in_force"": ""GTC"", ""client_order_id"": ""0064d68e-7aab-4848-87e5-99993d18523c""}}}"
2025-11-21T23:23:29.746846Z,place,KXEPLGAME-25DEC03LFCSUN-SUN,yes,limit,0.01,2,GTC,4ff6af64-1157-425f-b546-d0ae82005fa8,"{""dry_run"": true, ""echo"": {""path"": ""orders"", ""params"": null, ""body"": {""ticker"": ""KXEPLGAME-25DEC03LFCSUN-SUN"", ""side"": ""yes"", ""type"": ""limit"", ""price"": 0.01, ""count"": 2, ""time_in_force"": ""GTC"", ""client_order_id"": ""4ff6af64-1157-425f-b546-d0ae82005fa8""}}}"
2025-11-21T23:23:29.747100Z,place,KXEPLGAME-25DEC03LFCSUN-SUN,no,limit,0.01,2,GTC,0cfbc6a3-c4af-48ae-b85f-00644a172f83,"{""dry_run"": true, ""echo"": {""path"": ""orders"", ""params"": null, ""body"": {""ticker"": ""KXEPLGAME-25DEC03LFCSUN-SUN"", ""side"": ""no"", ""type"": ""limit"", ""price"": 0.01, ""count"": 2, ""time_in_force"": ""GTC"", ""client_order_id"": ""0cfbc6a3-c4af-48ae-b85f-00644a172f83""}}}"
2025-11-21T23:23:29.849245Z,place,KXEPLGAME-25DEC03LFCSUN-TIE,yes,limit,0.01,2,GTC,219021e7-2edc-4f6e-b852-becfcaf7c195,"{""dry_run"": true, ""echo"": {""path"": ""orders"", ""params"": null, ""body"": {""ticker"": ""KXEPLGAME-25DEC03LFCSUN-TIE"", ""side"": ""yes"", ""type"": ""limit"", ""price"": 0.01, ""count"": 2, ""time_in_force"": ""GTC"", ""client_order_id"": ""219021e7-2edc-4f6e-b852-becfcaf7c195""}}}"
2025-11-21T23:23:29.849396Z,place,KXEPLGAME-25DEC03LFCSUN-TIE,no,limit,0.01,2,GTC,fe90cf01-cf44-4d47-949d-cba8490cdc70,"{""dry_run"": true, ""echo"": {""path"": ""orders"", ""params"": null, ""body"": {""ticker"": ""KXEPLGAME-25DEC03LFCSUN-TIE"", ""side"": ""no"", ""type"": ""limit"", ""price"": 0.01, ""count"": 2, ""time_in_force"": ""GTC"", ""client_order_id"": ""fe90cf01-cf44-4d47-949d-cba8490cdc70""}}}"
2025-11-21T23:23:29.955524Z,place,KXEPLGAME-25DEC03WOLNFO-NFO,yes,limit,0.01,2,GTC,5570ffd1-9bb6-41bf-ad15-9b2097c173ac,"{""dry_run"": true, ""echo"": {""path"": ""orders"", ""params"": null, ""body"": {""ticker"": ""KXEPLGAME-25DEC03WOLNFO-NFO"", ""side"": ""yes"", ""type"": ""limit"", ""price"": 0.01, ""count"": 2, ""time_in_force"": ""GTC"", ""client_order_id"": ""5570ffd1-9bb6-41bf-ad15-9b2097c173ac""}}}"
2025-11-21T23:23:29.955668Z,place,KXEPLGAME-25DEC03WOLNFO-NFO,no,limit,0.01,2,GTC,0de9470a-f3cd-46fd-8c35-9a83de89ac6e,"{""dry_run"": true, ""echo"": {""path"": ""orders"", ""params"": null, ""body"": {""ticker"": ""KXEPLGAME-25DEC03WOLNFO-NFO"", ""side"": ""no"", ""type"": ""limit"", ""price"": 0.01, ""count"": 2, ""time_in_force"": ""GTC"", ""client_order_id"": ""0de9470a-f3cd-46fd-8c35-9a83de89ac6e""}}}"
2025-11-21T23:23:30.053985Z,place,KXEPLGAME-25DEC03WOLNFO-TIE,yes,limit,0.01,2,GTC,3cd99217-7be4-4fe8-8a2f-3c87d7a648d2,"{""dry_run"": true, ""echo"": {""path"": ""orders"", ""params"": null, ""body"": {""ticker"": ""KXEPLGAME-25DEC03WOLNFO-TIE"", ""side"": ""yes"", ""type"": ""limit"", ""price"": 0.01, ""count"": 2, ""time_in_force"": ""GTC"", ""client_order_id"": ""3cd99217-7be4-4fe8-8a2f-3c87d7a648d2""}}}"
2025-11-21T23:23:30.054134Z,place,KXEPLGAME-25DEC03WOLNFO-TIE,no,limit,0.01,2,GTC,fee8f082-83af-4d89-a510-60972e67fb81,"{""dry_run"": true, ""echo"": {""path"": ""orders"", ""params"": null, ""body"": {""ticker"": ""KXEPLGAME-25DEC03WOLNFO-TIE"", ""side"": ""no"", ""type"": ""limit"", ""price"": 0.01, ""count"": 2, ""time_in_force"": ""GTC"", ""client_order_id"": ""fee8f082-83af-4d89-a510-60972e67fb81""}}}"
2025-11-21T23:23:30.157706Z,place,KXEPLGAME-25DEC03WOLNFO-WOL,yes,limit,0.01,2,GTC,216dfb91-2af8-4139-90e2-404de1f496ab,"{""dry_run"": true, ""echo"": {""path"": ""orders"", ""params"": null, ""body"": {""ticker"": ""KXEPLGAME-25DEC03WOLNFO-WOL"", ""side"": ""yes"", ""type"": ""limit"", ""price"": 0.01, ""count"": 2, ""time_in_force"": ""GTC"", ""client_order_id"": ""216dfb91-2af8-4139-90e2-404de1f496ab""}}}"
2025-11-21T23:23:30.157851Z,place,KXEPLGAME-25DEC03WOLNFO-WOL,no,limit,0.01,2,GTC,f16a6b02-c7a2-4332-b542-0bec7260b1af,"{""dry_run"": true, ""echo"": {""path"": ""orders"", ""params"": null, ""body"": {""ticker"": ""KXEPLGAME-25DEC03WOLNFO-WOL"", ""side"": ""no"", ""type"": ""limit"", ""price"": 0.01, ""count"": 2, ""time_in_force"": ""GTC"", ""client_order_id"": ""f16a6b02-c7a2-4332-b542-0bec7260b1af""}}}"
2025-11-21T23:23:30.265545Z,place,KXEPLGAME-25DEC04MUNWHU-MUN,yes,limit,0.01,2,GTC,3684b8eb-02fd-4d59-b3a1-0b2c4ee1636a,"{""dry_run"": true, ""echo"": {""path"": ""orders"", ""params"": null, ""body"": {""ticker"": ""KXEPLGAME-25DEC04MUNWHU-MUN"", ""side"": ""yes"", ""type"": ""limit"", ""price"": 0.01, ""count"": 2, ""time_in_force"": ""GTC"", ""client_order_id"": ""3684b8eb-02fd-4d59-b3a1-0b2c4ee1636a""}}}"
2025-11-21T23:23:30.266746Z,place,KXEPLGAME-25DEC04MUNWHU-MUN,no,limit,0.01,2,GTC,0d6567c5-7c5f-4984-992d-9df82f9bd21d,"{""dry_run"": true, ""echo"": {""path"": ""orders"", ""params"": null, ""body"": {""ticker"": ""KXEPLGAME-25DEC04MUNWHU-MUN"", ""side"": ""no"", ""type"": ""limit"", ""price"": 0.01, ""count"": 2, ""time_in_force"": ""GTC"", ""client_order_id"": ""0d6567c5-7c5f-4984-992d-9df82f9bd21d""}}}"
2025-11-21T23:23:30.372859Z,place,KXEPLGAME-25DEC04MUNWHU-TIE,yes,limit,0.01,2,GTC,504f4372-ee4b-45ba-8f1a-b6e40a68c602,"{""dry_run"": true, ""echo"": {""path"": ""orders"", ""params"": null, ""body"": {""ticker"": ""KXEPLGAME-25DEC04MUNWHU-TIE"", ""side"": ""yes"", ""type"": ""limit"", ""price"": 0.01, ""count"": 2, ""time_in_force"": ""GTC"", ""client_order_id"": ""504f4372-ee4b-45ba-8f1a-b6e40a68c602""}}}"
2025-11-21T23:23:30.372995Z,place,KXEPLGAME-25DEC04MUNWHU-TIE,no,limit,0.01,2,GTC,928f2add-52df-4935-856d-8f4d8d7a3934,"{""dry_run"": true, ""echo"": {""path"": ""orders"", ""params"": null, ""body"": {""ticker"": ""KXEPLGAME-25DEC04MUNWHU-TIE"", ""side"": ""no"", ""type"": ""limit"", ""price"": 0.01, ""count"": 2, ""time_in_force"": ""GTC"", ""client_order_id"": ""928f2add-52df-4935-856d-8f4d8d7a3934""}}}"
2025-11-21T23:23:30.478530Z,place,KXEPLGAME-25DEC04MUNWHU-WHU,yes,limit,0.01,2,GTC,30d2b225-9732-4fc3-838c-006d1476d580,"{""dry_run"": true, ""echo"": {""path"": ""orders"", ""params"": null, ""body"": {""ticker"": ""KXEPLGAME-25DEC04MUNWHU-WHU"", ""side"": ""yes"", ""type"": ""limit"", ""price"": 0.01, ""count"": 2, ""time_in_force"": ""GTC"", ""client_order_id"": ""30d2b225-9732-4fc3-838c-006d1476d580""}}}"
2025-11-21T23:23:30.478629Z,place,KXEPLGAME-25DEC04MUNWHU-WHU,no,limit,0.01,2,GTC,505b99a2-c53b-4916-a785-7aec8de1e1db,"{""dry_run"": true, ""echo"": {""path"": ""orders"", ""params"": null, ""body"": {""ticker"": ""KXEPLGAME-25DEC04MUNWHU-WHU"", ""side"": ""no"", ""type"": ""limit"", ""price"": 0.01, ""count"": 2, ""time_in_force"": ""GTC"", ""client_order_id"": ""505b99a2-c53b-4916-a785-7aec8de1e1db""}}}"
2025-11-21T23:23:30.581850Z,place,KXEPLGAME-25DEC06AVLARS-ARS,yes,limit,0.01,2,GTC,230b1b99-8b76-468b-ac87-53c0674b8032,"{""dry_run"": true, ""echo"": {""path"": ""orders"", ""params"": null, ""body"": {""ticker"": ""KXEPLGAME-25DEC06AVLARS-ARS"", ""side"": ""yes"", ""type"": ""limit"", ""price"": 0.01, ""count"": 2, ""time_in_force"": ""GTC"", ""client_order_id"": ""230b1b99-8b76-468b-ac87-53c0674b8032""}}}"
2025-11-21T23:23:30.581980Z,place,KXEPLGAME-25DEC06AVLARS-ARS,no,limit,0.01,2,GTC,fca0d3a7-5ce0-4998-8b42-3e66d6295cee,"{""dry_run"": true, ""echo"": {""path"": ""orders"", ""params"": null, ""body"": {""ticker"": ""KXEPLGAME-25DEC06AVLARS-ARS"", ""side"": ""no"", ""type"": ""limit"", ""price"": 0.01, ""count"": 2, ""time_in_force"": ""GTC"", ""client_order_id"": ""fca0d3a7-5ce0-4998-8b42-3e66d6295cee""}}}"
2025-11-21T23:23:30.678511Z,place,KXEPLGAME-25DEC06AVLARS-AVL,yes,limit,0.01,2,GTC,cedf9163-e79a-4ead-9557-22b94928a53e,"{""dry_run"": true, ""echo"": {""path"": ""orders"", ""params"": null, ""body"": {""ticker"": ""KXEPLGAME-25DEC06AVLARS-AVL"", ""side"": ""yes"", ""type"": ""limit"", ""price"": 0.01, ""count"": 2, ""time_in_force"": ""GTC"", ""client_order_id"": ""cedf9163-e79a-4ead-9557-22b94928a53e""}}}"
2025-11-21T23:23:30.678648Z,place,KXEPLGAME-25DEC06AVLARS-AVL,no,limit,0.01,2,GTC,21d9a249-478e-4eb9-ad97-3000a420e898,"{""dry_run"": true, ""echo"": {""path"": ""orders"", ""params"": null, ""body"": {""ticker"": ""KXEPLGAME-25DEC06AVLARS-AVL"", ""side"": ""no"", ""type"": ""limit"", ""price"": 0.01, ""count"": 2, ""time_in_force"": ""GTC"", ""client_order_id"": ""21d9a249-478e-4eb9-ad97-3000a420e898""}}}"
2025-11-21T23:23:30.788313Z,place,KXEPLGAME-25DEC06AVLARS-TIE,yes,limit,0.01,2,GTC,ad3ce04b-590b-455a-95c4-302a90b3c5a9,"{""dry_run"": true, ""echo"": {""path"": ""orders"", ""params"": null, ""body"": {""ticker"": ""KXEPLGAME-25DEC06AVLARS-TIE"", ""side"": ""yes"", ""type"": ""limit"", ""price"": 0.01, ""count"": 2, ""time_in_force"": ""GTC"", ""client_order_id"": ""ad3ce04b-590b-455a-95c4-302a90b3c5a9""}}}"
2025-11-21T23:23:30.788469Z,place,KXEPLGAME-25DEC06AVLARS-TIE,no,limit,0.01,2,GTC,f467a64f-e3a7-44f2-9e47-14be94370064,"{""dry_run"": true, ""echo"": {""path"": ""orders"", ""params"": null, ""body"": {""ticker"": ""KXEPLGAME-25DEC06AVLARS-TIE"", ""side"": ""no"", ""type"": ""limit"", ""price"": 0.01, ""count"": 2, ""time_in_force"": ""GTC"", ""client_order_id"": ""f467a64f-e3a7-44f2-9e47-14be94370064""}}}"
2025-11-21T23:23:30.906616Z,place,KXEPLGAME-25DEC06BOUCFC-BOU,yes,limit,0.01,2,GTC,9dbdc181-c685-47a3-ab35-849d885ed2ab,"{""dry_run"": true, ""echo"": {""path"": ""orders"", ""params"": null, ""body"": {""ticker"": ""KXEPLGAME-25DEC06BOUCFC-BOU"", ""side"": ""yes"", ""type"": ""limit"", ""price"": 0.01, ""count"": 2, ""time_in_force"": ""GTC"", ""client_order_id"": ""9dbdc181-c685-47a3-ab35-849d885ed2ab""}}}"
2025-11-21T23:23:30.906772Z,place,KXEPLGAME-25DEC06BOUCFC-BOU,no,limit,0.01,2,GTC,fcdb94c5-de95-4e05-a57b-1be0051936d0,"{""dry_run"": true, ""echo"": {""path"": ""orders"", ""params"": null, ""body"": {""ticker"": ""KXEPLGAME-25DEC06BOUCFC-BOU"", ""side"": ""no"", ""type"": ""limit"", ""price"": 0.01, ""count"": 2, ""time_in_force"": ""GTC"", ""client_order_id"": ""fcdb94c5-de95-4e05-a57b-1be0051936d0""}}}"
2025-11-21T23:23:31.011978Z,place,KXEPLGAME-25DEC06BOUCFC-CFC,yes,limit,0.01,2,GTC,6b2dbad4-5211-4a27-a636-61f125c11a90,"{""dry_run"": true, ""echo"": {""path"": ""orders"", ""params"": null, ""body"": {""ticker"": ""KXEPLGAME-25DEC06BOUCFC-CFC"", ""side"": ""yes"", ""type"": ""limit"", ""price"": 0.01, ""count"": 2, ""time_in_force"": ""GTC"", ""client_order_id"": ""6b2dbad4-5211-4a27-a636-61f125c11a90""}}}"
2025-11-21T23:23:31.012135Z,place,KXEPLGAME-25DEC06BOUCFC-CFC,no,limit,0.01,2,GTC,6da8735d-d3df-4a68-802f-fe2cc7240a57,"{""dry_run"": true, ""echo"": {""path"": ""orders"", ""params"": null, ""body"": {""ticker"": ""KXEPLGAME-25DEC06BOUCFC-CFC"", ""side"": ""no"", ""type"": ""limit"", ""price"": 0.01, ""count"": 2, ""time_in_force"": ""GTC"", ""client_order_id"": ""6da8735d-d3df-4a68-802f-fe2cc7240a57""}}}"
2025-11-21T23:23:31.115856Z,place,KXEPLGAME-25DEC06BOUCFC-TIE,yes,limit,0.01,2,GTC,78ecdd28-f976-4836-ad21-b4ac394c7967,"{""dry_run"": true, ""echo"": {""path"": ""orders"", ""params"": null, ""body"": {""ticker"": ""KXEPLGAME-25DEC06BOUCFC-TIE"", ""side"": ""yes"", ""type"": ""limit"", ""price"": 0.01, ""count"": 2, ""time_in_force"": ""GTC"", ""client_order_id"": ""78ecdd28-f976-4836-ad21-b4ac394c7967""}}}"
2025-11-21T23:23:31.116011Z,place,KXEPLGAME-25DEC06BOUCFC-TIE,no,limit,0.01,2,GTC,967b24df-efed-4f7e-be3d-de7f1bbf94f0,"{""dry_run"": true, ""echo"": {""path"": ""orders"", ""params"": null, ""body"": {""ticker"": ""KXEPLGAME-25DEC06BOUCFC-TIE"", ""side"": ""no"", ""type"": ""limit"", ""price"": 0.01, ""count"": 2, ""time_in_force"": ""GTC"", ""client_order_id"": ""967b24df-efed-4f7e-be3d-de7f1bbf94f0""}}}"
2025-11-21T23:23:31.251447Z,place,KXEPLGAME-25DEC06EVENFO-EVE,yes,limit,0.01,2,GTC,c0d73669-601d-4ce4-8752-f829943c32f3,"{""dry_run"": true, ""echo"": {""path"": ""orders"", ""params"": null, ""body"": {""ticker"": ""KXEPLGAME-25DEC06EVENFO-EVE"", ""side"": ""yes"", ""type"": ""limit"", ""price"": 0.01, ""count"": 2, ""time_in_force"": ""GTC"", ""client_order_id"": ""c0d73669-601d-4ce4-8752-f829943c32f3""}}}"
2025-11-21T23:23:31.251636Z,place,KXEPLGAME-25DEC06EVENFO-EVE,no,limit,0.01,2,GTC,86a5e9a0-d281-44d2-a776-482554196a98,"{""dry_run"": true, ""echo"": {""path"": ""orders"", ""params"": null, ""body"": {""ticker"": ""KXEPLGAME-25DEC06EVENFO-EVE"", ""side"": ""no"", ""type"": ""limit"", ""price"": 0.01, ""count"": 2, ""time_in_force"": ""GTC"", ""client_order_id"": ""86a5e9a0-d281-44d2-a776-482554196a98""}}}"
2025-11-21T23:23:31.360010Z,place,KXEPLGAME-25DEC06EVENFO-NFO,yes,limit,0.01,2,GTC,1d4109b0-1f04-4a8b-b5e5-ba03ef6e3a93,"{""dry_run"": true, ""echo"": {""path"": ""orders"", ""params"": null, ""body"": {""ticker"": ""KXEPLGAME-25DEC06EVENFO-NFO"", ""side"": ""yes"", ""type"": ""limit"", ""price"": 0.01, ""count"": 2, ""time_in_force"": ""GTC"", ""client_order_id"": ""1d4109b0-1f04-4a8b-b5e5-ba03ef6e3a93""}}}"
2025-11-21T23:23:31.360171Z,place,KXEPLGAME-25DEC06EVENFO-NFO,no,limit,0.01,2,GTC,50083bf2-6cbd-4cd1-b54d-bde8a8db42ca,"{""dry_run"": true, ""echo"": {""path"": ""orders"", ""params"": null, ""body"": {""ticker"": ""KXEPLGAME-25DEC06EVENFO-NFO"", ""side"": ""no"", ""type"": ""limit"", ""price"": 0.01, ""count"": 2, ""time_in_force"": ""GTC"", ""client_order_id"": ""50083bf2-6cbd-4cd1-b54d-bde8a8db42ca""}}}"
2025-11-21T23:23:31.464044Z,place,KXEPLGAME-25DEC06EVENFO-TIE,yes,limit,0.01,2,GTC,6cb034ad-7b5d-41e8-8182-00b34dac3284,"{""dry_run"": true, ""echo"": {""path"": ""orders"", ""params"": null, ""body"": {""ticker"": ""KXEPLGAME-25DEC06EVENFO-TIE"", ""side"": ""yes"", ""type"": ""limit"", ""price"": 0.01, ""count"": 2, ""time_in_force"": ""GTC"", ""client_order_id"": ""6cb034ad-7b5d-41e8-8182-00b34dac3284""}}}"
2025-11-21T23:23:31.464201Z,place,KXEPLGAME-25DEC06EVENFO-TIE,no,limit,0.01,2,GTC,5d8cd929-aa19-4ad2-ac98-dd909a29a38d,"{""dry_run"": true, ""echo"": {""path"": ""orders"", ""params"": null, ""body"": {""ticker"": ""KXEPLGAME-25DEC06EVENFO-TIE"", ""side"": ""no"", ""type"": ""limit"", ""price"": 0.01, ""count"": 2, ""time_in_force"": ""GTC"", ""client_order_id"": ""5d8cd929-aa19-4ad2-ac98-dd909a29a38d""}}}"
2025-11-21T23:23:31.572808Z,place,KXEPLGAME-25DEC06LEELFC-LEE,yes,limit,0.01,2,GTC,1e0430ed-fc03-4d72-9b16-b816a55137c0,"{""dry_run"": true, ""echo"": {""path"": ""orders"", ""params"": null, ""body"": {""ticker"": ""KXEPLGAME-25DEC06LEELFC-LEE"", ""side"": ""yes"", ""type"": ""limit"", ""price"": 0.01, ""count"": 2, ""time_in_force"": ""GTC"", ""client_order_id"": ""1e0430ed-fc03-4d72-9b16-b816a55137c0""}}}"
2025-11-21T23:23:31.572943Z,place,KXEPLGAME-25DEC06LEELFC-LEE,no,limit,0.01,2,GTC,70423aba-4150-49d2-ac70-046ee4cb82c9,"{""dry_run"": true, ""echo"": {""path"": ""orders"", ""params"": null, ""body"": {""ticker"": ""KXEPLGAME-25DEC06LEELFC-LEE"", ""side"": ""no"", ""type"": ""limit"", ""price"": 0.01, ""count"": 2, ""time_in_force"": ""GTC"", ""client_order_id"": ""70423aba-4150-49d2-ac70-046ee4cb82c9""}}}"
2025-11-21T23:23:31.673276Z,place,KXEPLGAME-25DEC06LEELFC-LFC,yes,limit,0.01,2,GTC,492ac035-1bb5-47d9-95dd-3503e54cb656,"{""dry_run"": true, ""echo"": {""path"": ""orders"", ""params"": null, ""body"": {""ticker"": ""KXEPLGAME-25DEC06LEELFC-LFC"", ""side"": ""yes"", ""type"": ""limit"", ""price"": 0.01, ""count"": 2, ""time_in_force"": ""GTC"", ""client_order_id"": ""492ac035-1bb5-47d9-95dd-3503e54cb656""}}}"
2025-11-21T23:23:31.673442Z,place,KXEPLGAME-25DEC06LEELFC-LFC,no,limit,0.01,2,GTC,022055be-cb86-488c-8144-5b2f0dc755a6,"{""dry_run"": true, ""echo"": {""path"": ""orders"", ""params"": null, ""body"": {""ticker"": ""KXEPLGAME-25DEC06LEELFC-LFC"", ""side"": ""no"", ""type"": ""limit"", ""price"": 0.01, ""count"": 2, ""time_in_force"": ""GTC"", ""client_order_id"": ""022055be-cb86-488c-8144-5b2f0dc755a6""}}}"
2025-11-21T23:23:31.810470Z,place,KXEPLGAME-25DEC06LEELFC-TIE,yes,limit,0.01,2,GTC,cf4c8aa7-3561-4cbf-94b1-c3520ac2b98c,"{""dry_run"": true, ""echo"": {""path"": ""orders"", ""params"": null, ""body"": {""ticker"": ""KXEPLGAME-25DEC06LEELFC-TIE"", ""side"": ""yes"", ""type"": ""limit"", ""price"": 0.01, ""count"": 2, ""time_in_force"": ""GTC"", ""client_order_id"": ""cf4c8aa7-3561-4cbf-94b1-c3520ac2b98c""}}}"
2025-11-21T23:23:31.810633Z,place,KXEPLGAME-25DEC06LEELFC-TIE,no,limit,0.01,2,GTC,aa52277a-0331-4a17-a23e-2efa0163998c,"{""dry_run"": true, ""echo"": {""path"": ""orders"", ""params"": null, ""body"": {""ticker"": ""KXEPLGAME-25DEC06LEELFC-TIE"", ""side"": ""no"", ""type"": ""limit"", ""price"": 0.01, ""count"": 2, ""time_in_force"": ""GTC"", ""client_order_id"": ""aa52277a-0331-4a17-a23e-2efa0163998c""}}}"
2025-11-21T23:23:31.914732Z,place,KXEPLGAME-25DEC06MCISUN-MCI,yes,limit,0.01,2,GTC,c624f51d-2d5b-47a1-92f3-6d5dfcb73f6d,"{""dry_run"": true, ""echo"": {""path"": ""orders"", ""params"": null, ""body"": {""ticker"": ""KXEPLGAME-25DEC06MCISUN-MCI"", ""side"": ""yes"", ""type"": ""limit"", ""price"": 0.01, ""count"": 2, ""time_in_force"": ""GTC"", ""client_order_id"": ""c624f51d-2d5b-47a1-92f3-6d5dfcb73f6d""}}}"
2025-11-21T23:23:31.914857Z,place,KXEPLGAME-25DEC06MCISUN-MCI,no,limit,0.01,2,GTC,d2abe218-64c7-45eb-8fd4-f6d7f2f3d8f8,"{""dry_run"": true, ""echo"": {""path"": ""orders"", ""params"": null, ""body"": {""ticker"": ""KXEPLGAME-25DEC06MCISUN-MCI"", ""side"": ""no"", ""type"": ""limit"", ""price"": 0.01, ""count"": 2, ""time_in_force"": ""GTC"", ""client_order_id"": ""d2abe218-64c7-45eb-8fd4-f6d7f2f3d8f8""}}}"
2025-11-21T23:23:32.030502Z,place,KXEPLGAME-25DEC06MCISUN-SUN,yes,limit,0.01,2,GTC,6674a442-d468-451c-b70c-5af857219d92,"{""dry_run"": true, ""echo"": {""path"": ""orders"", ""params"": null, ""body"": {""ticker"": ""KXEPLGAME-25DEC06MCISUN-SUN"", ""side"": ""yes"", ""type"": ""limit"", ""price"": 0.01, ""count"": 2, ""time_in_force"": ""GTC"", ""client_order_id"": ""6674a442-d468-451c-b70c-5af857219d92""}}}"
2025-11-21T23:23:32.030614Z,place,KXEPLGAME-25DEC06MCISUN-SUN,no,limit,0.01,2,GTC,a8b89f9e-9ce1-450c-ac18-f590425f2c8f,"{""dry_run"": true, ""echo"": {""path"": ""orders"", ""params"": null, ""body"": {""ticker"": ""KXEPLGAME-25DEC06MCISUN-SUN"", ""side"": ""no"", ""type"": ""limit"", ""price"": 0.01, ""count"": 2, ""time_in_force"": ""GTC"", ""client_order_id"": ""a8b89f9e-9ce1-450c-ac18-f590425f2c8f""}}}"
2025-11-21T23:23:32.135352Z,place,KXEPLGAME-25DEC06MCISUN-TIE,yes,limit,0.01,2,GTC,93ecd6be-63e6-4d8f-8f44-4b32345503be,"{""dry_run"": true, ""echo"": {""path"": ""orders"", ""params"": null, ""body"": {""ticker"": ""KXEPLGAME-25DEC06MCISUN-TIE"", ""side"": ""yes"", ""type"": ""limit"", ""price"": 0.01, ""count"": 2, ""time_in_force"": ""GTC"", ""client_order_id"": ""93ecd6be-63e6-4d8f-8f44-4b32345503be""}}}"
2025-11-21T23:23:32.135510Z,place,KXEPLGAME-25DEC06MCISUN-TIE,no,limit,0.01,2,GTC,fae5f1b4-ffe3-4627-b070-5913e726d189,"{""dry_run"": true, ""echo"": {""path"": ""orders"", ""params"": null, ""body"": {""ticker"": ""KXEPLGAME-25DEC06MCISUN-TIE"", ""side"": ""no"", ""type"": ""limit"", ""price"": 0.01, ""count"": 2, ""time_in_force"": ""GTC"", ""client_order_id"": ""fae5f1b4-ffe3-4627-b070-5913e726d189""}}}"
2025-11-21T23:23:32.317891Z,place,KXEPLGAME-25DEC06NEWBUR-BUR,yes,limit,0.01,2,GTC,8973369b-12a0-4141-9854-dc240cbde884,"{""dry_run"": true, ""echo"": {""path"": ""orders"", ""params"": null, ""body"": {""ticker"": ""KXEPLGAME-25DEC06NEWBUR-BUR"", ""side"": ""yes"", ""type"": ""limit"", ""price"": 0.01, ""count"": 2, ""time_in_force"": ""GTC"", ""client_order_id"": ""8973369b-12a0-4141-9854-dc240cbde884""}}}"
2025-11-21T23:23:32.318024Z,place,KXEPLGAME-25DEC06NEWBUR-BUR,no,limit,0.01,2,GTC,bb6155bb-815b-4258-b3e5-004afe93e6f1,"{""dry_run"": true, ""echo"": {""path"": ""orders"", ""params"": null, ""body"": {""ticker"": ""KXEPLGAME-25DEC06NEWBUR-BUR"", ""side"": ""no"", ""type"": ""limit"", ""price"": 0.01, ""count"": 2, ""time_in_force"": ""GTC"", ""client_order_id"": ""bb6155bb-815b-4258-b3e5-004afe93e6f1""}}}"
2025-11-21T23:23:32.420061Z,place,KXEPLGAME-25DEC06NEWBUR-NEW,yes,limit,0.01,2,GTC,f495d6a5-9010-4910-8ae8-cd3dc155a067,"{""dry_run"": true, ""echo"": {""path"": ""orders"", ""params"": null, ""body"": {""ticker"": ""KXEPLGAME-25DEC06NEWBUR-NEW"", ""side"": ""yes"", ""type"": ""limit"", ""price"": 0.01, ""count"": 2, ""time_in_force"": ""GTC"", ""client_order_id"": ""f495d6a5-9010-4910-8ae8-cd3dc155a067""}}}"
2025-11-21T23:23:32.420190Z,place,KXEPLGAME-25DEC06NEWBUR-NEW,no,limit,0.01,2,GTC,9aebf38d-819c-4c3e-a9b2-2913df8ca694,"{""dry_run"": true, ""echo"": {""path"": ""orders"", ""params"": null, ""body"": {""ticker"": ""KXEPLGAME-25DEC06NEWBUR-NEW"", ""side"": ""no"", ""type"": ""limit"", ""price"": 0.01, ""count"": 2, ""time_in_force"": ""GTC"", ""client_order_id"": ""9aebf38d-819c-4c3e-a9b2-2913df8ca694""}}}"
2025-11-21T23:23:32.521784Z,place,KXEPLGAME-25DEC06NEWBUR-TIE,yes,limit,0.01,2,GTC,25ca5606-60fc-4202-a812-482ed4340c22,"{""dry_run"": true, ""echo"": {""path"": ""orders"", ""params"": null, ""body"": {""ticker"": ""KXEPLGAME-25DEC06NEWBUR-TIE"", ""side"": ""yes"", ""type"": ""limit"", ""price"": 0.01, ""count"": 2, ""time_in_force"": ""GTC"", ""client_order_id"": ""25ca5606-60fc-4202-a812-482ed4340c22""}}}"
2025-11-21T23:23:32.521917Z,place,KXEPLGAME-25DEC06NEWBUR-TIE,no,limit,0.01,2,GTC,dcd9468f-f73f-4680-95c0-598d83bdf584,"{""dry_run"": true, ""echo"": {""path"": ""orders"", ""params"": null, ""body"": {""ticker"": ""KXEPLGAME-25DEC06NEWBUR-TIE"", ""side"": ""no"", ""type"": ""limit"", ""price"": 0.01, ""count"": 2, ""time_in_force"": ""GTC"", ""client_order_id"": ""dcd9468f-f73f-4680-95c0-598d83bdf584""}}}"
2025-11-21T23:23:32.656331Z,place,KXEPLGAME-25DEC06TOTBRE-BRE,yes,limit,0.01,2,GTC,b3f6eff7-efa3-41e3-98b2-a4d10681b19e,"{""dry_run"": true, ""echo"": {""path"": ""orders"", ""params"": null, ""body"": {""ticker"": ""KXEPLGAME-25DEC06TOTBRE-BRE"", ""side"": ""yes"", ""type"": ""limit"", ""price"": 0.01, ""count"": 2, ""time_in_force"": ""GTC"", ""client_order_id"": ""b3f6eff7-efa3-41e3-98b2-a4d10681b19e""}}}"
2025-11-21T23:23:32.656492Z,place,KXEPLGAME-25DEC06TOTBRE-BRE,no,limit,0.01,2,GTC,aed42670-042a-410f-996e-e0ea2e7c7d95,"{""dry_run"": true, ""echo"": {""path"": ""orders"", ""params"": null, ""body"": {""ticker"": ""KXEPLGAME-25DEC06TOTBRE-BRE"", ""side"": ""no"", ""type"": ""limit"", ""price"": 0.01, ""count"": 2, ""time_in_force"": ""GTC"", ""client_order_id"": ""aed42670-042a-410f-996e-e0ea2e7c7d95""}}}"
2025-11-21T23:23:32.803776Z,place,KXEPLGAME-25DEC06TOTBRE-TIE,yes,limit,0.01,2,GTC,54ed9e3a-9eae-4b6b-a5ab-257854906887,"{""dry_run"": true, ""echo"": {""path"": ""orders"", ""params"": null, ""body"": {""ticker"": ""KXEPLGAME-25DEC06TOTBRE-TIE"", ""side"": ""yes"", ""type"": ""limit"", ""price"": 0.01, ""count"": 2, ""time_in_force"": ""GTC"", ""client_order_id"": ""54ed9e3a-9eae-4b6b-a5ab-257854906887""}}}"
2025-11-21T23:23:32.803973Z,place,KXEPLGAME-25DEC06TOTBRE-TIE,no,limit,0.01,2,GTC,534daf05-e932-4b01-b5a8-2c72511785e1,"{""dry_run"": true, ""echo"": {""path"": ""orders"", ""params"": null, ""body"": {""ticker"": ""KXEPLGAME-25DEC06TOTBRE-TIE"", ""side"": ""no"", ""type"": ""limit"", ""price"": 0.01, ""count"": 2, ""time_in_force"": ""GTC"", ""client_order_id"": ""534daf05-e932-4b01-b5a8-2c72511785e1""}}}"
2025-11-21T23:23:32.953357Z,place,KXEPLGAME-25DEC06TOTBRE-TOT,yes,limit,0.01,2,GTC,f9d11b22-f273-44a0-a976-100d0e77ea7a,"{""dry_run"": true, ""echo"": {""path"": ""orders"", ""params"": null, ""body"": {""ticker"": ""KXEPLGAME-25DEC06TOTBRE-TOT"", ""side"": ""yes"", ""type"": ""limit"", ""price"": 0.01, ""count"": 2, ""time_in_force"": ""GTC"", ""client_order_id"": ""f9d11b22-f273-44a0-a976-100d0e77ea7a""}}}"
2025-11-21T23:23:32.953618Z,place,KXEPLGAME-25DEC06TOTBRE-TOT,no,limit,0.01,2,GTC,2b75aa1c-389a-4579-b1cf-34de924f7b94,"{""dry_run"": true, ""echo"": {""path"": ""orders"", ""params"": null, ""body"": {""ticker"": ""KXEPLGAME-25DEC06TOTBRE-TOT"", ""side"": ""no"", ""type"": ""limit"", ""price"": 0.01, ""count"": 2, ""time_in_force"": ""GTC"", ""client_order_id"": ""2b75aa1c-389a-4579-b1cf-34de924f7b94""}}}"
2025-11-21T23:23:33.063601Z,place,KXEPLGAME-25DEC07BRIWHU-BRI,yes,limit,0.01,2,GTC,e2dcf3f4-3ee8-4543-a5e1-a6a98e3de105,"{""dry_run"": true, ""echo"": {""path"": ""orders"", ""params"": null, ""body"": {""ticker"": ""KXEPLGAME-25DEC07BRIWHU-BRI"", ""side"": ""yes"", ""type"": ""limit"", ""price"": 0.01, ""count"": 2, ""time_in_force"": ""GTC"", ""client_order_id"": ""e2dcf3f4-3ee8-4543-a5e1-a6a98e3de105""}}}"
2025-11-21T23:23:33.063768Z,place,KXEPLGAME-25DEC07BRIWHU-BRI,no,limit,0.01,2,GTC,a74bd544-6980-4062-b550-71e35379aadd,"{""dry_run"": true, ""echo"": {""path"": ""orders"", ""params"": null, ""body"": {""ticker"": ""KXEPLGAME-25DEC07BRIWHU-BRI"", ""side"": ""no"", ""type"": ""limit"", ""price"": 0.01, ""count"": 2, ""time_in_force"": ""GTC"", ""client_order_id"": ""a74bd544-6980-4062-b550-71e35379aadd""}}}"
2025-11-21T23:23:33.169901Z,place,KXEPLGAME-25DEC07BRIWHU-TIE,yes,limit,0.01,2,GTC,2435a503-6a3d-4958-8c3b-8add829fae94,"{""dry_run"": true, ""echo"": {""path"": ""orders"", ""params"": null, ""body"": {""ticker"": ""KXEPLGAME-25DEC07BRIWHU-TIE"", ""side"": ""yes"", ""type"": ""limit"", ""price"": 0.01, ""count"": 2, ""time_in_force"": ""GTC"", ""client_order_id"": ""2435a503-6a3d-4958-8c3b-8add829fae94""}}}"
2025-11-21T23:23:33.169998Z,place,KXEPLGAME-25DEC07BRIWHU-TIE,no,limit,0.01,2,GTC,cd60641b-4102-44de-9eca-d324da3d432f,"{""dry_run"": true, ""echo"": {""path"": ""orders"", ""params"": null, ""body"": {""ticker"": ""KXEPLGAME-25DEC07BRIWHU-TIE"", ""side"": ""no"", ""type"": ""limit"", ""price"": 0.01, ""count"": 2, ""time_in_force"": ""GTC"", ""client_order_id"": ""cd60641b-4102-44de-9eca-d324da3d432f""}}}"
2025-11-21T23:23:33.271655Z,place,KXEPLGAME-25DEC07BRIWHU-WHU,yes,limit,0.01,2,GTC,69b8f90a-2a89-4aa2-b0a9-547d425f53f8,"{""dry_run"": true, ""echo"": {""path"": ""orders"", ""params"": null, ""body"": {""ticker"": ""KXEPLGAME-25DEC07BRIWHU-WHU"", ""side"": ""yes"", ""type"": ""limit"", ""price"": 0.01, ""count"": 2, ""time_in_force"": ""GTC"", ""client_order_id"": ""69b8f90a-2a89-4aa2-b0a9-547d425f53f8""}}}"
2025-11-21T23:23:33.271818Z,place,KXEPLGAME-25DEC07BRIWHU-WHU,no,limit,0.01,2,GTC,aa1d1a78-1937-47f2-990c-241961fdff72,"{""dry_run"": true, ""echo"": {""path"": ""orders"", ""params"": null, ""body"": {""ticker"": ""KXEPLGAME-25DEC07BRIWHU-WHU"", ""side"": ""no"", ""type"": ""limit"", ""price"": 0.01, ""count"": 2, ""time_in_force"": ""GTC"", ""client_order_id"": ""aa1d1a78-1937-47f2-990c-241961fdff72""}}}"
2025-11-21T23:23:33.373737Z,place,KXEPLGAME-25DEC07FULCRY-CRY,yes,limit,0.01,2,GTC,64c15a14-ce24-4a22-9674-f09700825f54,"{""dry_run"": true, ""echo"": {""path"": ""orders"", ""params"": null, ""body"": {""ticker"": ""KXEPLGAME-25DEC07FULCRY-CRY"", ""side"": ""yes"", ""type"": ""limit"", ""price"": 0.01, ""count"": 2, ""time_in_force"": ""GTC"", ""client_order_id"": ""64c15a14-ce24-4a22-9674-f09700825f54""}}}"
2025-11-21T23:23:33.373899Z,place,KXEPLGAME-25DEC07FULCRY-CRY,no,limit,0.01,2,GTC,6515872f-4a59-4977-8286-43153c490881,"{""dry_run"": true, ""echo"": {""path"": ""orders"", ""params"": null, ""body"": {""ticker"": ""KXEPLGAME-25DEC07FULCRY-CRY"", ""side"": ""no"", ""type"": ""limit"", ""price"": 0.01, ""count"": 2, ""time_in_force"": ""GTC"", ""client_order_id"": ""6515872f-4a59-4977-8286-43153c490881""}}}"
2025-11-21T23:23:33.480041Z,place,KXEPLGAME-25DEC07FULCRY-FUL,yes,limit,0.01,2,GTC,7d2f7fb7-ec13-478f-986f-dd57b36f84b3,"{""dry_run"": true, ""echo"": {""path"": ""orders"", ""params"": null, ""body"": {""ticker"": ""KXEPLGAME-25DEC07FULCRY-FUL"", ""side"": ""yes"", ""type"": ""limit"", ""price"": 0.01, ""count"": 2, ""time_in_force"": ""GTC"", ""client_order_id"": ""7d2f7fb7-ec13-478f-986f-dd57b36f84b3""}}}"
2025-11-21T23:23:33.480164Z,place,KXEPLGAME-25DEC07FULCRY-FUL,no,limit,0.01,2,GTC,60646ca9-86ae-4546-9e6c-9c8abfedf9d6,"{""dry_run"": true, ""echo"": {""path"": ""orders"", ""params"": null, ""body"": {""ticker"": ""KXEPLGAME-25DEC07FULCRY-FUL"", ""side"": ""no"", ""type"": ""limit"", ""price"": 0.01, ""count"": 2, ""time_in_force"": ""GTC"", ""client_order_id"": ""60646ca9-86ae-4546-9e6c-9c8abfedf9d6""}}}"
2025-11-21T23:23:33.576984Z,place,KXEPLGAME-25DEC07FULCRY-TIE,yes,limit,0.01,2,GTC,70d3176a-4a8d-4b92-a7bb-7433bf44bf77,"{""dry_run"": true, ""echo"": {""path"": ""orders"", ""params"": null, ""body"": {""ticker"": ""KXEPLGAME-25DEC07FULCRY-TIE"", ""side"": ""yes"", ""type"": ""limit"", ""price"": 0.01, ""count"": 2, ""time_in_force"": ""GTC"", ""client_order_id"": ""70d3176a-4a8d-4b92-a7bb-7433bf44bf77""}}}"
2025-11-21T23:23:33.577125Z,place,KXEPLGAME-25DEC07FULCRY-TIE,no,limit,0.01,2,GTC,c4a3559f-da64-4009-b74a-fe46d07069bc,"{""dry_run"": true, ""echo"": {""path"": ""orders"", ""params"": null, ""body"": {""ticker"": ""KXEPLGAME-25DEC07FULCRY-TIE"", ""side"": ""no"", ""type"": ""limit"", ""price"": 0.01, ""count"": 2, ""time_in_force"": ""GTC"", ""client_order_id"": ""c4a3559f-da64-4009-b74a-fe46d07069bc""}}}"
2025-11-21T23:23:42.312759Z,place,KXEPLGAME-25NOV22BOUWHU-BOU,yes,limit,0.01,2,GTC,a88bd57d-e26c-4516-9126-082ed1201246,"{""dry_run"": true, ""echo"": {""path"": ""orders"", ""params"": null, ""body"": {""ticker"": ""KXEPLGAME-25NOV22BOUWHU-BOU"", ""side"": ""yes"", ""type"": ""limit"", ""price"": 0.01, ""count"": 2, ""time_in_force"": ""GTC"", ""client_order_id"": ""a88bd57d-e26c-4516-9126-082ed1201246""}}}"
2025-11-21T23:23:42.312861Z,place,KXEPLGAME-25NOV22BOUWHU-BOU,no,limit,0.01,2,GTC,1357fcf3-0208-43df-b5e9-a90ce5899498,"{""dry_run"": true, ""echo"": {""path"": ""orders"", ""params"": null, ""body"": {""ticker"": ""KXEPLGAME-25NOV22BOUWHU-BOU"", ""side"": ""no"", ""type"": ""limit"", ""price"": 0.01, ""count"": 2, ""time_in_force"": ""GTC"", ""client_order_id"": ""1357fcf3-0208-43df-b5e9-a90ce5899498""}}}"
2025-11-21T23:23:42.408947Z,place,KXEPLGAME-25NOV22BOUWHU-TIE,yes,limit,0.01,2,GTC,2f92bf1d-a3a7-4ea4-bc31-2aa79eafee5f,"{""dry_run"": true, ""echo"": {""path"": ""orders"", ""params"": null, ""body"": {""ticker"": ""KXEPLGAME-25NOV22BOUWHU-TIE"", ""side"": ""yes"", ""type"": ""limit"", ""price"": 0.01, ""count"": 2, ""time_in_force"": ""GTC"", ""client_order_id"": ""2f92bf1d-a3a7-4ea4-bc31-2aa79eafee5f""}}}"
2025-11-21T23:23:42.409049Z,place,KXEPLGAME-25NOV22BOUWHU-TIE,no,limit,0.01,2,GTC,33ea0f12-ab6e-40c8-8622-8bc463ba999b,"{""dry_run"": true, ""echo"": {""path"": ""orders"", ""params"": null, ""body"": {""ticker"": ""KXEPLGAME-25NOV22BOUWHU-TIE"", ""side"": ""no"", ""type"": ""limit"", ""price"": 0.01, ""count"": 2, ""time_in_force"": ""GTC"", ""client_order_id"": ""33ea0f12-ab6e-40c8-8622-8bc463ba999b""}}}"
2025-11-21T23:23:42.502354Z,place,KXEPLGAME-25NOV22BOUWHU-WHU,yes,limit,0.01,2,GTC,0631f77b-658f-436d-b37c-4667a73907f1,"{""dry_run"": true, ""echo"": {""path"": ""orders"", ""params"": null, ""body"": {""ticker"": ""KXEPLGAME-25NOV22BOUWHU-WHU"", ""side"": ""yes"", ""type"": ""limit"", ""price"": 0.01, ""count"": 2, ""time_in_force"": ""GTC"", ""client_order_id"": ""0631f77b-658f-436d-b37c-4667a73907f1""}}}"
2025-11-21T23:23:42.502454Z,place,KXEPLGAME-25NOV22BOUWHU-WHU,no,limit,0.01,2,GTC,56485991-4345-4648-9dd2-9186cec25257,"{""dry_run"": true, ""echo"": {""path"": ""orders"", ""params"": null, ""body"": {""ticker"": ""KXEPLGAME-25NOV22BOUWHU-WHU"", ""side"": ""no"", ""type"": ""limit"", ""price"": 0.01, ""count"": 2, ""time_in_force"": ""GTC"", ""client_order_id"": ""56485991-4345-4648-9dd2-9186cec25257""}}}"
2025-11-21T23:23:42.586651Z,place,KXEPLGAME-25NOV22BRIBRE-BRE,yes,limit,0.01,2,GTC,19b731b0-fc30-4444-a2e1-ccc576a10268,"{""dry_run"": true, ""echo"": {""path"": ""orders"", ""params"": null, ""body"": {""ticker"": ""KXEPLGAME-25NOV22BRIBRE-BRE"", ""side"": ""yes"", ""type"": ""limit"", ""price"": 0.01, ""count"": 2, ""time_in_force"": ""GTC"", ""client_order_id"": ""19b731b0-fc30-4444-a2e1-ccc576a10268""}}}"
2025-11-21T23:23:42.586738Z,place,KXEPLGAME-25NOV22BRIBRE-BRE,no,limit,0.01,2,GTC,42d57816-2e4c-4fd9-9de3-090d4ba396c1,"{""dry_run"": true, ""echo"": {""path"": ""orders"", ""params"": null, ""body"": {""ticker"": ""KXEPLGAME-25NOV22BRIBRE-BRE"", ""side"": ""no"", ""type"": ""limit"", ""price"": 0.01, ""count"": 2, ""time_in_force"": ""GTC"", ""client_order_id"": ""42d57816-2e4c-4fd9-9de3-090d4ba396c1""}}}"
2025-11-21T23:23:42.685274Z,place,KXEPLGAME-25NOV22BRIBRE-BRI,yes,limit,0.01,2,GTC,ffdc1279-c80d-41ab-9487-1c5059a13bb0,"{""dry_run"": true, ""echo"": {""path"": ""orders"", ""params"": null, ""body"": {""ticker"": ""KXEPLGAME-25NOV22BRIBRE-BRI"", ""side"": ""yes"", ""type"": ""limit"", ""price"": 0.01, ""count"": 2, ""time_in_force"": ""GTC"", ""client_order_id"": ""ffdc1279-c80d-41ab-9487-1c5059a13bb0""}}}"
2025-11-21T23:23:42.685367Z,place,KXEPLGAME-25NOV22BRIBRE-BRI,no,limit,0.01,2,GTC,154cebec-0865-4000-ae05-4133e24d9729,"{""dry_run"": true, ""echo"": {""path"": ""orders"", ""params"": null, ""body"": {""ticker"": ""KXEPLGAME-25NOV22BRIBRE-BRI"", ""side"": ""no"", ""type"": ""limit"", ""price"": 0.01, ""count"": 2, ""time_in_force"": ""GTC"", ""client_order_id"": ""154cebec-0865-4000-ae05-4133e24d9729""}}}"
2025-11-21T23:23:42.800912Z,place,KXEPLGAME-25NOV22BRIBRE-TIE,yes,limit,0.01,2,GTC,74e0d55b-3cf1-4a65-970b-09dca6ab07bb,"{""dry_run"": true, ""echo"": {""path"": ""orders"", ""params"": null, ""body"": {""ticker"": ""KXEPLGAME-25NOV22BRIBRE-TIE"", ""side"": ""yes"", ""type"": ""limit"", ""price"": 0.01, ""count"": 2, ""time_in_force"": ""GTC"", ""client_order_id"": ""74e0d55b-3cf1-4a65-970b-09dca6ab07bb""}}}"
2025-11-21T23:23:42.801005Z,place,KXEPLGAME-25NOV22BRIBRE-TIE,no,limit,0.01,2,GTC,0f8cfaa5-4f40-4647-9062-8f9be92d70a6,"{""dry_run"": true, ""echo"": {""path"": ""orders"", ""params"": null, ""body"": {""ticker"": ""KXEPLGAME-25NOV22BRIBRE-TIE"", ""side"": ""no"", ""type"": ""limit"", ""price"": 0.01, ""count"": 2, ""time_in_force"": ""GTC"", ""client_order_id"": ""0f8cfaa5-4f40-4647-9062-8f9be92d70a6""}}}"
2025-11-21T23:23:42.902932Z,place,KXEPLGAME-25NOV22BURCFC-BUR,yes,limit,0.01,2,GTC,fe844ccd-b3e0-4d04-94cd-cc4c2bd1d742,"{""dry_run"": true, ""echo"": {""path"": ""orders"", ""params"": null, ""body"": {""ticker"": ""KXEPLGAME-25NOV22BURCFC-BUR"", ""side"": ""yes"", ""type"": ""limit"", ""price"": 0.01, ""count"": 2, ""time_in_force"": ""GTC"", ""client_order_id"": ""fe844ccd-b3e0-4d04-94cd-cc4c2bd1d742""}}}"
